% primaries data

@data{foster-molina:2016:data,
  author = {Foster-Molina, Ella},
  publisher = {Harvard Dataverse},
  title = {Legislative and District Data 1972--2013},
  year = {2016},
  doi = {10.7910/DVN/26448},
  url = {https://doi.org/10.7910/DVN/26448}
}

@data{pettigrew-primary-data,
  author = {Pettigrew, Stephen and Owen, Karen and Wanless, Emily},
  publisher = {Harvard Dataverse},
  title = {U.S. House Primary Election Results (1956-2010)},
  year = {2016},
  doi = {10.7910/DVN/26448},
  url = {https://doi.org/10.7910/DVN/26448}
}


@article{kernell:2009:districts,
  title={Giving order to districts: Estimating voter distributions with national election returns},
  author={Kernell, Georgia},
  journal={Political Analysis},
  volume={17},
  number={3},
  pages={215--235},
  year={2009},
  publisher={Cambridge University Press}
}

@book{campbell-et-al:1960:american-voter,
  title={The American Voter},
  author={Campbell, Angus and Converse, Philip E and Miller, Warren E and Stokes, Donald E},
  journal={New York: John Wiley and Sons},
  pages={77},
  year={1960}
}

@book{green-et-al:2002:partisan-hearts,
  title={Partisan Hearts and Minds},
  author={Green, Donald and Palmquist, Bradley and Schickler, Eric},
  year={2002},
  publisher={New Haven, CT: Yale University Press}
}

@article{rahn:1993:stereotypes,
  title={The role of partisan stereotypes in information processing about political candidates},
  author={Rahn, Wendy M},
  journal={American Journal of Political Science},
  pages={472--496},
  year={1993},
  publisher={JSTOR}
}

@book{downs:1957:economic-theory,
  title={An Economic Theory of Democracy},
  author={Downs, Anthony},
  year={1957},
  publisher={New York: Harper and Row}
}

@book{apsa:1950:party-system,
  title={Toward a More Responsible Two-Party System},
  author={American Political Science Association, Committee on Political Parties},
  year={1950},
  publisher={Johnson Reprint Company}
}

@article{abramowitz:1998:realignment,
  title={Ideological realignment in the US electorate},
  author={Abramowitz, Alan I and Saunders, Kyle L},
  journal={The Journal of Politics},
  volume={60},
  number={03},
  pages={634--652},
  year={1998},
  publisher={Cambridge Univ Press}
}

@article{layman-carsey:2002:conflict-extension,
  title = {Party {Polarization} and "{Conflict} {Extension}" in the {American} {Electorate}},
  volume = {46},
  issn = {00925853},
  url = {http://www.jstor.org/stable/3088434?origin=crossref},
  doi = {10.2307/3088434},
  number = {4},
  urldate = {2015-02-22},
  journal = {American Journal of Political Science},
  author = {Layman, Geoffrey C. and Carsey, Thomas M.},
  month = oct,
  year = {2002},
  pages = {786},
  file = {Layman Carsey 2002.pdf:/Users/michaeldecrescenzo/Library/Application Support/Zotero/Profiles/jf2xgft9.default/zotero/storage/PJ54CKRB/Layman Carsey 2002.pdf:application/pdf}
}

@book{fiorina:2005:culture,
  title={Culture War? The Myth of a Polarized America},
  author={Fiorina, Morris P and Abrams, Samuel J and Pope, Jeremy C},
  year={2005},
  publisher={Pearson Longman New York}
}

@article{levendusky-et-al:2008-latent-partisanship,
  title={Measuring District-Level Partisanship with Implications for the Analysis of US Elections},
  author={Levendusky, Matthew S and Pope, Jeremy C and Jackman, Simon D},
  journal={The Journal of Politics},
  volume={70},
  number={3},
  pages={736--753},
  year={2008},
  publisher={Cambridge University Press New York, USA}
}

@book{levendusky:2009:partisan,
  title={The partisan sort: How liberals became Democrats and conservatives became Republicans},
  author={Levendusky, Matthew},
  year={2009},
  publisher={University of Chicago Press}
}

@article{bartels:2000:partisanship,
  title={Partisanship and Voting Behavior, 1952-1996},
  author={Bartels, Larry M},
  journal={American Journal of Political Science},
  pages={35--50},
  year={2000},
  publisher={JSTOR}
}

@article{petrocik:2009:leaners,
  title = {Measuring Party Support: {Leaners} are not Independents},
  volume = {28},
  issn = {02613794},
  shorttitle = {Measuring party support},
  url = {http://linkinghub.elsevier.com/retrieve/pii/S0261379409000511},
  doi = {10.1016/j.electstud.2009.05.022},
  language = {en},
  number = {4},
  urldate = {2015-04-16},
  journal = {Electoral Studies},
  author = {Petrocik, John Richard},
  month = dec,
  year = {2009},
  pages = {562--572},
  file = {petrocik on leaners.pdf:/Users/michaeldecrescenzo/Library/Application Support/Zotero/Profiles/jf2xgft9.default/zotero/storage/Z5CPFW45/petrocik on leaners.pdf:application/pdf}
}

@article{hall-thompson:2018:who-punishes,
  title={Who Punishes Extremist Nominees? Candidate Ideology and Turning Out the Base in US Elections},
  author={Hall, Andrew B and Thompson, Daniel M},
  journal={American Political Science Review},
  volume={112},
  number={3},
  pages={509--524},
  year={2018},
  publisher={Cambridge University Press}
}

@article{Rogowski:2016:polarized-choices,
  doi = {10.1017/s0007123415000630},
  url = {https://doi.org/10.1017%2Fs0007123415000630},
  year  = {2016},
  month = {mar},
  publisher = {Cambridge University Press ({CUP})},
  pages = {1--22},
  author = {Jon C. Rogowski},
  title = {Voter Decision-Making with Polarized Choices},
  journal = {British Journal of Political Science}
}

@article{Key:1949:southern-politics,
  title={Southern Politics in State and Nation},
  author={Key, V.O. Jr},
  year={1949},
  publisher={University of Tennessee Press}
}

@article{geer:1988:primary-electorates,
  title={Assessing the Representativeness of Electorates in Presidential Primaries},
  author={Geer, John G},
  journal={American Journal of Political Science},
  pages={929--945},
  year={1988},
  publisher={JSTOR}
}

@article{norrander:1989:primary-voters,
  title={Ideological Representativeness of Presidential Primary Voters},
  author={Norrander, Barbara},
  journal={American Journal of Political Science},
  pages={570--587},
  year={1989},
  publisher={JSTOR}
}

@book{cohen-et-al:2009:party-decides,
  title={The party decides: Presidential nominations before and after reform},
  author={Cohen, Marty and Karol, David and Noel, Hans and Zaller, John},
  year={2009},
  publisher={University of Chicago Press}
}

@book{aldrich:2011:why-parties,
  title={Why Parties?: A Second Look},
  author={Aldrich, John H},
  year={2011},
  publisher={University of Chicago Press}
}

@article{ansolabehere-et-al:2010:direct-primary,
  title={More Democracy: The Direct Primary and Competition in US Elections},
  author={Ansolabehere, Stephen and Hansen, John Mark and Hirano, Shigeo and Snyder, James M},
  journal={Studies in American Political Development},
  volume={24},
  number={02},
  pages={190--205},
  year={2010},
  publisher={Cambridge Univ Press}
}

@article{burden:2004:candidate-positioning,
  title={Candidate Positioning in U.S.\ Congressional Elections},
  author={Burden, Barry C},
  journal={British Journal of Political Science},
  volume={34},
  number={02},
  pages={211--227},
  year={2004},
  publisher={Cambridge Univ Press}
}

@article{brady-han-pope:2007:out-of-step,
  title={Primary elections and candidate ideology: Out of step with the primary electorate?},
  author={Brady, David W and Han, Hahrie and Pope, Jeremy C},
  journal={Legislative Studies Quarterly},
  volume={32},
  number={1},
  pages={79--105},
  year={2007},
  publisher={Wiley Online Library}
}

@article{hirano-et-al:2010:primary-polarization,
  title={Primary Elections and Party Polarization},
  author={Hirano, Shigeo and Snyder, James M. and Ansolabehere, Stephen and Hansen, John Mark},
  journal={Quarterly Journal of Political Science},
  volume={5},
  pages = {169--191},
  year={2010}
}

@article{mcghee-et-al:2014:nomination-systems,
  title={A primary cause of partisanship? Nomination systems and legislator ideology},
  author={McGhee, Eric and Masket, Seth and Shor, Boris and Rogers, Steven and McCarty, Nolan},
  journal={American Journal of Political Science},
  volume={58},
  number={2},
  pages={337--351},
  year={2014},
  publisher={Wiley Online Library}
}

@article{rogowski-langella:2015:primary-systems,
  title={Primary Systems and Candidate Ideology: Evidence from Federal and State Legislative Elections},
  author={Rogowski, Jon C and Langella, Stephanie},
  journal={American Politics Research},
  volume={43},
  number={5},
  pages={846--871},
  year={2015},
  publisher={SAGE Publications Sage CA: Los Angeles, CA}
}

@article{ansolabehere-et-al:2001:candidate-positioning,
  title={Candidate Positioning in U.S.\ House Elections},
  author={Ansolabehere, Stephen and Snyder, James M and Stewart, Charles},
  journal={American Journal of Political Science},
  pages={136--159},
  year={2001},
  publisher={JSTOR}
}

@article{fowler-hall:2016:convergence,
  title={The Elusive Quest for Convergence},
  author={Fowler, Anthony and Hall, Andrew B},
  journal = {Quarterly Journal of Political Science},
  volume = {11},
  pages = {131--149},
  year={2016}
}

@article{hill:2015:nominating-institution,
  title={Institution of nomination and the policy ideology of primary electorates},
  author={Hill, Seth J},
  journal={Quarterly Journal of Political Science},
  volume={10},
  number={4},
  pages={461--487},
  year={2015},
  publisher={Now Publishers, Inc.}
}

@article{aldrich:1983:downsian-activism,
  title={A Downsian Spatial Model with Party Activism},
  author={Aldrich, John H},
  journal={American Political Science Review},
  volume={77},
  number={04},
  pages={974--990},
  year={1983},
  publisher={Cambridge Univ Press}
}


@article{betancourt:2015:hamiltonian,
  title={Hamiltonian Monte Carlo for hierarchical models},
  author={Betancourt, Michael and Girolami, Mark},
  journal={Current trends in Bayesian methodology with applications},
  volume={79},
  pages={30},
  year={2015},
  publisher={CRC Press Boca Raton, FL}
}

@article{papaspiliopoulos-et-al:2007:parameterizations,
  title={A general framework for the parametrization of hierarchical models},
  author={Papaspiliopoulos, Omiros and Roberts, Gareth O and Sk{\"o}ld, Martin},
  journal={Statistical Science},
  pages={59--73},
  year={2007},
  publisher={JSTOR}
}

@book{fox:2010:bayesian-IRT,
  title={Bayesian item response modeling: Theory and applications},
  author={Fox, Jean-Paul},
  year={2010},
  publisher={Springer Science \& Business Media}
}


@article{caughey-warshaw:2015:DGIRT,
  title={Dynamic estimation of latent opinion using a hierarchical group-level IRT model},
  author={Caughey, Devin and Warshaw, Christopher},
  journal={Political Analysis},
  volume={23},
  number={2},
  pages={197--211},
  year={2015},
  publisher={Cambridge University Press}
}

@book{masket:2009:no-middle-ground,
  title={No Middle Ground: How Informal Party Organizations Control Nominations and Polarize Legislatures},
  author={Masket, Seth},
  year={2009},
  publisher={University of Michigan Press}
}

@article{poole:1997:roll-call-history,
  title={Congress: A Political-Economic History of Roll Call Voting},
  author={Poole, Keith T and Rosenthal, Howard},
  journal={New York: Oxford University Press},
  year={1997}
}

@book{poole:2005:spatial-models,
  title={Spatial Models of Parliamentary Voting},
  author={Poole, Keith T},
  year={2005},
  publisher={Cambridge University Press}
}

@article{canes-wrone-et-al:2002:out-of-step,
  title={Out of step, out of office: Electoral accountability and House members' voting},
  author={Canes-Wrone, Brandice and Brady, David W and Cogan, John F},
  journal={American Political Science Review},
  volume={96},
  number={01},
  pages={127--140},
  year={2002},
  publisher={Cambridge Univ Press}
}

@article{hall-snyder:2015:ideology,
  title={Candidate Ideology and Electoral Success. Working Paper: \href{https://dl. dropboxusercontent.com/u/11481940/Hall Snyder Ideology.pdf}{https://dl. dropboxusercontent.com/u/11481940/Hall Snyder Ideology.pdf}},
  author={Hall, Andrew B and Snyder, James M},
  year={2015}
}

@article{bonica:2013:ideology-interests,
  title={Ideology and interests in the political marketplace},
  author={Bonica, Adam},
  journal={American Journal of Political Science},
  volume={57},
  number={2},
  pages={294--311},
  year={2013},
  publisher={Wiley Online Library}
}

@article{bonica:2014:mapping-ideology,
  title={Mapping the ideological marketplace},
  author={Bonica, Adam},
  journal={American Journal of Political Science},
  volume={58},
  number={2},
  pages={367--386},
  year={2014},
  publisher={Wiley Online Library}
}

@article{clinton:2006:constituent-representation,
  title={Representation in Congress: constituents and roll calls in the 106th House},
  author={Clinton, Joshua D},
  journal={Journal of Politics},
  volume={68},
  number={2},
  pages={397--409},
  year={2006},
  publisher={Wiley Online Library}
}

@article{broockman-skovron:2018:bias,
  title={Bias in Perceptions of Public Opinion among Political Elites},
  author={Broockman, David E and Skovron, Christopher},
  journal={American Political Science Review},
  volume={112},
  number={3},
  pages={542--563},
  year={2018},
  publisher={Cambridge University Press}
}

@book{bartels:2009:unequal-democracy,
  title={Unequal Democracy: The Political Economy of the New Gilded Age},
  author={Bartels, Larry M},
  year={2009},
  publisher={Princeton University Press}
}

@book{gilens:2012:affluence,
  title={Affluence and Influence: Economic Inequality and Political Power in America},
  author={Gilens, Martin},
  year={2012},
  publisher={Russel Sage Foundation and Princeton University Press}
}

@article{lax-phillips:2012:democratic-deficit,
  title = {The Democratic Deficit in the States},
  author = {Lax, Jeffrey R. and Phillips, Justin H.},
  journal = {American Journal of Political Science},
  volume = {56},
  number = {1},
  year = {2012},
  publisher = {Midwest Political Science Association}
}

@book{grossman-hopkins:2016:asymmetric-politics,
  title = {Asymmetric Politics: Ideological Republicans and Group Interest Democrats},
  author={Grossman, Matthew and Hopkins, David A.},
  journal={Oxford University Press},
  year={2016}
}

@article{caughey-et-al:2018:ideological-nationalization,
  title={The ideological nationalization of partisan subconstituencies in the American States},
  author={Caughey, Devin and Dunham, James and Warshaw, Christopher},
  journal={Public Choice},
  volume={176},
  number={1-2},
  pages={133--151},
  year={2018},
  publisher={Springer}
}

@article{tausanovitch-warshaw:2013:constituent-prefs,
  title={Measuring constituent policy preferences in congress, state legislatures, and cities},
  author={Tausanovitch, Chris and Warshaw, Christopher},
  journal={The Journal of Politics},
  volume={75},
  number={02},
  pages={330--342},
  year={2013},
  publisher={Cambridge Univ Press}
}

@article{clinton-jackman-rivers:2004:ideal,
  title={The Statistical Analysis of Roll Call Data},
  author={Clinton, Joshua and Jackman, Simon and Rivers, Douglas},
  journal={American Political Science Review},
  volume={98},
  number={02},
  pages={355--370},
  year={2004},
  publisher={Cambridge Univ Press}
}

@article{londregan:1999:ideal-pts,
  title={Estimating legislators' preferred points},
  author={Londregan, John},
  journal={Political Analysis},
  volume={8},
  number={1},
  pages={35--56},
  year={1999},
  publisher={Cambridge University Press}
}

@article{ghitza-gelman:2013:subgroup-mrp,
  title={Deep interactions with MRP: Election turnout and voting patterns among small electoral subgroups},
  author={Ghitza, Yair and Gelman, Andrew},
  journal={American Journal of Political Science},
  volume={57},
  number={3},
  pages={762--776},
  year={2013},
  publisher={Wiley Online Library}
}

# stan paper
@article{carpenter-at-al:2016:stan,
  title={Stan: A probabilistic programming language},
  author={Carpenter, Bob and Gelman, Andrew and Hoffman, Matt and Lee, Daniel and Goodrich, Ben and Betancourt, Michael and Brubaker, Michael A and Guo, Jiqiang and Li, Peter and Riddell, Allen},
  journal={Journal of Statistical Software},
  volume={20},
  pages={1--37},
  year={2016}
}

@article{neal:2012:mcmc,
  title={MCMC using Hamiltonian dynamics},
  author={Neal, Radford M},
  journal={arXiv preprint arXiv:1206.1901},
  year={2012}
}

@article{burkner:2017:brms,
  title={brms: An R package for Bayesian multilevel models using Stan},
  author={B{\"u}rkner, Paul-Christian and others},
  journal={Journal of Statistical Software},
  volume={80},
  number={1},
  pages={1--28},
  year={2017},
  publisher={Foundation for Open Access Statistics}
}

@article{LKJ:2009:correlation-matrices,
  title={Generating random correlation matrices based on vines and extended onion method},
  author={Lewandowski, Daniel and Kurowicka, Dorota and Joe, Harry},
  journal={Journal of multivariate analysis},
  volume={100},
  number={9},
  pages={1989--2001},
  year={2009},
  publisher={Elsevier}
}

@misc{Carpenter:2016:logsumexp,
  author = {Carpenter, Bob},
  title = {Log Sum of Exponentials for Robust Sums on the Log Scale},
  howpublished = {\url{https://statmodeling.stat.columbia.edu/2016/06/11/log-sum-of-exponentials/}},
  month = {June},
  year = {2016},
  note = {(Accessed on 11/08/2019)}
}

@article{akinc-vandebroek:2018:covariance-prior,
  title={Bayesian estimation of mixed logit models: Selecting an appropriate prior for the covariance matrix},
  author={Akinc, Deniz and Vandebroek, Martina},
  journal={Journal of choice modelling},
  volume={29},
  pages={133--151},
  year={2018},
  publisher={Elsevier}
}

@article{alvarez-niemi-simpson:2014:covariance-prior,
  title={Bayesian inference for a covariance matrix},
  author={Alvarez, Ignacio and Niemi, Jarad and Simpson, Matt},
  journal={arXiv preprint arXiv:1408.4050},
  year={2014}
}

@article{barnard-mcculloch-meng:2000:covariance-separation,
  title={Modeling covariance matrices in terms of standard deviations and correlations, with application to shrinkage},
  author={Barnard, John and McCulloch, Robert and Meng, Xiao-Li},
  journal={Statistica Sinica},
  pages={1281--1311},
  year={2000},
  publisher={JSTOR}
}

@book{gelman-hill:2006:multilevel,
  title={Data analysis using regression and multilevel/hierarchical models},
  author={Gelman, Andrew and Hill, Jennifer},
  year={2006},
  publisher={Cambridge University Press}
}

@article{gabry-et-al:2019:visualization,
  title={Visualization in Bayesian workflow},
  author={Gabry, Jonah and Simpson, Daniel and Vehtari, Aki and Betancourt, Michael and Gelman, Andrew},
  journal={Journal of the Royal Statistical Society: Series A (Statistics in Society)},
  volume={182},
  number={2},
  pages={389--402},
  year={2019},
  publisher={Wiley Online Library}
}

@misc{betancourt:2018:workflow-blog,
  author = {Betancourt, Michael},
  title = {Towards A Principled Bayesian Workflow},
  howpublished = {\url{https://betanalpha.github.io/assets/case_studies/principled_bayesian_workflow.html}},
  month = {October},
  year = {2018},
  note = {Accessed on 12/17/2019}
}

@article{gelman-et-al:2017:prior-likelihood,
  title={The Prior Can Often Only Be Understood in the Context of the Likelihood},
  author={Gelman, Andrew and Simpson, Daniel and Betancourt, Michael},
  journal={Entropy},
  volume={19},
  number={10},
  pages={555},
  year={2017},
  publisher={Multidisciplinary Digital Publishing Institute}
}

@unpublished{gelman:2017:applied-statistics,
title= {Theoretical Statistics is the Theory of Applied Statistics: How to Think About What We Do},
author = {Gelman, Andrew},
year = {2017},
note= {New York R Conference},
URL= {https://statmodeling.stat.columbia.edu/2017/05/26/theoretical-statistics-theory-applied-statistics-think/},
}

@book{gelman-et-al:2013:BDA,
  title={Bayesian Data Analysis},
  author={Gelman, Andrew and Stern, Hal S and Carlin, John B and Dunson, David B and Vehtari, Aki and Rubin, Donald B},
  year={2013},
  publisher={Chapman and Hall/CRC}
}

@article{hinne-et-al:2019:bayes-quasi-experiment,
  title={Causal inference using Bayesian non-parametric quasi-experimental design},
  author={Hinne, Max and van Gerven, Marcel AJ and Ambrogioni, Luca},
  journal={arXiv preprint arXiv:1911.06722},
  year={2019}
}

@article{acharya-blackwell-sen:2016:direct-effects,
  title={Explaining Causal Findings Without Bias: Detecting and Assessing Direct Effects},
  author={Acharya, Avidit and Blackwell, Matthew and Sen, Maya},
  journal={American Political Science Review},
  volume={110},
  number={3},
  pages={512--529},
  year={2016},
  publisher={Cambridge University Press}
}

@article{lancaster:2000:incidental-params,
  title={The incidental parameter problem since 1948},
  author={Lancaster, Tony},
  journal={Journal of econometrics},
  volume={95},
  number={2},
  pages={391--413},
  year={2000},
  publisher={Elsevier}
}

@article{gelman:2004:parameterization,
  title={Parameterization and Bayesian modeling},
  author={Gelman, Andrew},
  journal={Journal of the American Statistical Association},
  volume={99},
  number={466},
  pages={537--545},
  year={2004},
  publisher={Taylor \& Francis}
}

@incollection{Hill:2013:multilevel-causal-inf,
  doi = {10.4135/9781446247600.n12},
  url = {https://doi.org/10.4135/9781446247600.n12},
  publisher = {{SAGE} Publications Ltd},
  pages = {201--220},
  author = {Jennifer Hill},
  title = {Multilevel Models and Causal Inference},
  booktitle = {The {SAGE} Handbook of Multilevel Modeling}
}


@article{rubin:1978:bayesian,
  title={Bayesian inference for Causal Effects: The Role of Randomization},
  author={Rubin, Donald B},
  journal={The Annals of statistics},
  pages={34--58},
  year={1978},
  publisher={JSTOR}
}

@book{boatright:2013:getting-primaried,
  title={Getting Primaried: The Changing Politics of Congressional Primary Challenges},
  author={Boatright, Robert G},
  year={2013},
  publisher={University of Michigan Press}
}

@article{greenland-et-al:1999:dags-epidemiology,
  title={Causal diagrams for epidemiologic research},
  author={Greenland, Sander and Pearl, Judea and Robins, James M},
  journal={Epidemiology},
  pages={37--48},
  year={1999},
  publisher={JSTOR}
}

@article{montgomery-et-al:2018:colliders,
  title={How conditioning on posttreatment variables can ruin your experiment and what to do about it},
  author={Montgomery, Jacob M and Nyhan, Brendan and Torres, Michelle},
  journal={American Journal of Political Science},
  volume={62},
  number={3},
  pages={760--775},
  year={2018},
  publisher={Wiley Online Library}
}

@article{vansteelandt:2009:direct-effects,
  title={Estimating direct effects in cohort and case--control studies},
  author={Vansteelandt, Stijn},
  journal={Epidemiology},
  pages={851--860},
  year={2009},
  publisher={JSTOR}
}

@article{robins-greenland:1994:sequential-ignorability,
  title={Adjusting for differential rates of prophylaxis therapy for PCP in high-versus low-dose AZT treatment arms in an AIDS randomized trial},
  author={Robins, James M and Greenland, Sander},
  journal={Journal of the American Statistical Association},
  volume={89},
  number={427},
  pages={737--749},
  year={1994},
  publisher={Taylor \& Francis}
}

@misc{bonica:2019:dime,
  title={Database on ideology, Money in Politics, and Elections: public version 1.0},
  author={Bonica, Adam},
  year={2019},
  howpublished={Stanford, CA: Stanford University Libraries. \url{http://data.stanford.edu/dime}}
}

@article{mccarty-poole-rosenthal:2009:gerrymandering,
  title={Does gerrymandering cause polarization?},
  author={McCarty, Nolan and Poole, Keith T and Rosenthal, Howard},
  journal={American Journal of Political Science},
  volume={53},
  number={3},
  pages={666--680},
  year={2009},
  publisher={Wiley Online Library}
}

