% primaries data

@data{foster-molina:2016:data,
  author = {Foster-Molina, Ella},
  publisher = {Harvard Dataverse},
  title = {Legislative and District Data 1972--2013},
  year = {2016},
  doi = {10.7910/DVN/26448},
  url = {https://doi.org/10.7910/DVN/26448}
}

@data{pettigrew-primary-data,
  author = {Pettigrew, Stephen and Owen, Karen and Wanless, Emily},
  publisher = {Harvard Dataverse},
  title = {U.S. House Primary Election Results (1956-2010)},
  year = {2016},
  doi = {10.7910/DVN/26448},
  url = {https://doi.org/10.7910/DVN/26448}
}


@article{kernell:2009:districts,
  title={Giving order to districts: Estimating voter distributions with national election returns},
  author={Kernell, Georgia},
  journal={Political Analysis},
  volume={17},
  number={3},
  pages={215--235},
  year={2009},
  publisher={Cambridge University Press}
}

@book{campbell-et-al:1960:american-voter,
  title={The American Voter},
  author={Campbell, Angus and Converse, Philip E and Miller, Warren E and Stokes, Donald E},
  journal={New York: John Wiley and Sons},
  pages={77},
  year={1960}
}

@book{green-et-al:2002:partisan-hearts,
  title={Partisan Hearts and Minds},
  author={Green, Donald and Palmquist, Bradley and Schickler, Eric},
  year={2002},
  publisher={New Haven, CT: Yale University Press}
}

@article{rahn:1993:stereotypes,
  title={The role of partisan stereotypes in information processing about political candidates},
  author={Rahn, Wendy M},
  journal={American Journal of Political Science},
  pages={472--496},
  year={1993},
  publisher={JSTOR}
}

@book{downs:1957:economic-theory,
  title={An Economic Theory of Democracy},
  author={Downs, Anthony},
  year={1957},
  publisher={New York: Harper and Row}
}

@book{apsa:1950:party-system,
  title={Toward a More Responsible Two-Party System},
  author={American Political Science Association, Committee on Political Parties},
  year={1950},
  publisher={Johnson Reprint Company}
}

@article{abramowitz:1998:realignment,
  title={Ideological realignment in the US electorate},
  author={Abramowitz, Alan I and Saunders, Kyle L},
  journal={The Journal of Politics},
  volume={60},
  number={03},
  pages={634--652},
  year={1998},
  publisher={Cambridge Univ Press}
}

@article{layman-carsey:2002:conflict-extension,
  title = {Party {Polarization} and "{Conflict} {Extension}" in the {American} {Electorate}},
  volume = {46},
  issn = {00925853},
  url = {http://www.jstor.org/stable/3088434?origin=crossref},
  doi = {10.2307/3088434},
  number = {4},
  urldate = {2015-02-22},
  journal = {American Journal of Political Science},
  author = {Layman, Geoffrey C. and Carsey, Thomas M.},
  month = oct,
  year = {2002},
  pages = {786},
  file = {Layman Carsey 2002.pdf:/Users/michaeldecrescenzo/Library/Application Support/Zotero/Profiles/jf2xgft9.default/zotero/storage/PJ54CKRB/Layman Carsey 2002.pdf:application/pdf}
}

@book{fiorina:2005:culture,
  title={Culture War? The Myth of a Polarized America},
  author={Fiorina, Morris P and Abrams, Samuel J and Pope, Jeremy C},
  year={2005},
  publisher={Pearson Longman New York}
}

@article{levendusky-et-al:2008-latent-partisanship,
  title={Measuring District-Level Partisanship with Implications for the Analysis of US Elections},
  author={Levendusky, Matthew S and Pope, Jeremy C and Jackman, Simon D},
  journal={The Journal of Politics},
  volume={70},
  number={3},
  pages={736--753},
  year={2008},
  publisher={Cambridge University Press New York, USA}
}

@book{levendusky:2009:partisan,
  title={The partisan sort: How liberals became Democrats and conservatives became Republicans},
  author={Levendusky, Matthew},
  year={2009},
  publisher={University of Chicago Press}
}

@article{bartels:2000:partisanship,
  title={Partisanship and Voting Behavior, 1952-1996},
  author={Bartels, Larry M},
  journal={American Journal of Political Science},
  pages={35--50},
  year={2000},
  publisher={JSTOR}
}

@article{petrocik:2009:leaners,
  title = {Measuring Party Support: {Leaners} are not Independents},
  volume = {28},
  issn = {02613794},
  shorttitle = {Measuring party support},
  url = {http://linkinghub.elsevier.com/retrieve/pii/S0261379409000511},
  doi = {10.1016/j.electstud.2009.05.022},
  language = {en},
  number = {4},
  urldate = {2015-04-16},
  journal = {Electoral Studies},
  author = {Petrocik, John Richard},
  month = dec,
  year = {2009},
  pages = {562--572},
  file = {petrocik on leaners.pdf:/Users/michaeldecrescenzo/Library/Application Support/Zotero/Profiles/jf2xgft9.default/zotero/storage/Z5CPFW45/petrocik on leaners.pdf:application/pdf}
}

@article{hall-thompson:2018:who-punishes,
  title={Who Punishes Extremist Nominees? Candidate Ideology and Turning Out the Base in US Elections},
  author={Hall, Andrew B and Thompson, Daniel M},
  journal={American Political Science Review},
  volume={112},
  number={3},
  pages={509--524},
  year={2018},
  publisher={Cambridge University Press}
}

@article{Rogowski:2016:polarized-choices,
  doi = {10.1017/s0007123415000630},
  url = {https://doi.org/10.1017%2Fs0007123415000630},
  year  = {2016},
  month = {mar},
  publisher = {Cambridge University Press ({CUP})},
  pages = {1--22},
  author = {Jon C. Rogowski},
  title = {Voter Decision-Making with Polarized Choices},
  journal = {British Journal of Political Science}
}

@article{Key:1949:southern-politics,
  title={Southern Politics in State and Nation},
  author={Key, V.O. Jr},
  year={1949},
  publisher={University of Tennessee Press}
}

@article{geer:1988:primary-electorates,
  title={Assessing the Representativeness of Electorates in Presidential Primaries},
  author={Geer, John G},
  journal={American Journal of Political Science},
  pages={929--945},
  year={1988},
  publisher={JSTOR}
}

@article{norrander:1989:primary-voters,
  title={Ideological Representativeness of Presidential Primary Voters},
  author={Norrander, Barbara},
  journal={American Journal of Political Science},
  pages={570--587},
  year={1989},
  publisher={JSTOR}
}

@book{cohen-et-al:2009:party-decides,
  title={The party decides: Presidential nominations before and after reform},
  author={Cohen, Marty and Karol, David and Noel, Hans and Zaller, John},
  year={2009},
  publisher={University of Chicago Press}
}

@book{aldrich:2011:why-parties,
  title={Why Parties?: A Second Look},
  author={Aldrich, John H},
  year={2011},
  publisher={University of Chicago Press}
}

@article{ansolabehere-et-al:2010:direct-primary,
  title={More Democracy: The Direct Primary and Competition in US Elections},
  author={Ansolabehere, Stephen and Hansen, John Mark and Hirano, Shigeo and Snyder, James M},
  journal={Studies in American Political Development},
  volume={24},
  number={02},
  pages={190--205},
  year={2010},
  publisher={Cambridge Univ Press}
}

@article{burden:2004:candidate-positioning,
  title={Candidate Positioning in U.S.\ Congressional Elections},
  author={Burden, Barry C},
  journal={British Journal of Political Science},
  volume={34},
  number={02},
  pages={211--227},
  year={2004},
  publisher={Cambridge Univ Press}
}

@article{brady-han-pope:2007:out-of-step,
  title={Primary elections and candidate ideology: Out of step with the primary electorate?},
  author={Brady, David W and Han, Hahrie and Pope, Jeremy C},
  journal={Legislative Studies Quarterly},
  volume={32},
  number={1},
  pages={79--105},
  year={2007},
  publisher={Wiley Online Library}
}

@article{hirano-et-al:2010:primary-polarization,
  title={Primary Elections and Party Polarization},
  author={Hirano, Shigeo and Snyder, James M. and Ansolabehere, Stephen and Hansen, John Mark},
  journal={Quarterly Journal of Political Science},
  volume={5},
  pages = {169--191},
  year={2010}
}

@article{mcghee-et-al:2014:nomination-systems,
  title={A primary cause of partisanship? Nomination systems and legislator ideology},
  author={McGhee, Eric and Masket, Seth and Shor, Boris and Rogers, Steven and McCarty, Nolan},
  journal={American Journal of Political Science},
  volume={58},
  number={2},
  pages={337--351},
  year={2014},
  publisher={Wiley Online Library}
}

@article{rogowski-langella:2015:primary-systems,
  title={Primary Systems and Candidate Ideology: Evidence from Federal and State Legislative Elections},
  author={Rogowski, Jon C and Langella, Stephanie},
  journal={American Politics Research},
  volume={43},
  number={5},
  pages={846--871},
  year={2015},
  publisher={SAGE Publications Sage CA: Los Angeles, CA}
}

@article{ansolabehere-et-al:2001:candidate-positioning,
  title={Candidate Positioning in {U.S.}\ House Elections},
  author={Ansolabehere, Stephen and Snyder, James M and Stewart, Charles},
  journal={American Journal of Political Science},
  pages={136--159},
  year={2001},
  publisher={JSTOR}
}

@article{fowler-hall:2016:convergence,
  title={The Elusive Quest for Convergence},
  author={Fowler, Anthony and Hall, Andrew B},
  journal = {Quarterly Journal of Political Science},
  volume = {11},
  pages = {131--149},
  year={2016}
}

@article{hill:2015:nominating-institution,
  title={Institution of nomination and the policy ideology of primary electorates},
  author={Hill, Seth J},
  journal={Quarterly Journal of Political Science},
  volume={10},
  number={4},
  pages={461--487},
  year={2015},
  publisher={Now Publishers, Inc.}
}




@article{betancourt:2017:conceptual-hamiltonian,
  title={A conceptual introduction to Hamiltonian Monte Carlo},
  author={Betancourt, Michael},
  journal={arXiv preprint arXiv:1701.02434},
  year={2017}
}

@article{betancourt:2015:hamiltonian,
  title={Hamiltonian Monte Carlo for Hierarchical Models},
  author={Betancourt, Michael and Girolami, Mark},
  journal={Current trends in Bayesian methodology with applications},
  volume={79},
  pages={30},
  year={2015},
  publisher={CRC Press Boca Raton, FL}
}

@article{papaspiliopoulos-et-al:2007:parameterizations,
  title={A general framework for the parametrization of hierarchical models},
  author={Papaspiliopoulos, Omiros and Roberts, Gareth O and Sk{\"o}ld, Martin},
  journal={Statistical Science},
  pages={59--73},
  year={2007},
  publisher={JSTOR}
}

@book{fox:2010:bayesian-IRT,
  title={Bayesian item response modeling: Theory and applications},
  author={Fox, Jean-Paul},
  year={2010},
  publisher={Springer Science \& Business Media}
}


@article{caughey-warshaw:2015:DGIRT,
  title={Dynamic estimation of latent opinion using a hierarchical group-level IRT model},
  author={Caughey, Devin and Warshaw, Christopher},
  journal={Political Analysis},
  volume={23},
  number={2},
  pages={197--211},
  year={2015},
  publisher={Cambridge University Press}
}

@book{masket:2009:no-middle-ground,
  title={No Middle Ground: How Informal Party Organizations Control Nominations and Polarize Legislatures},
  author={Masket, Seth},
  year={2009},
  publisher={University of Michigan Press}
}

@article{poole-rosenthal:1997:roll-call-history,
  title={Congress: A Political-Economic History of Roll Call Voting},
  author={Poole, Keith T and Rosenthal, Howard},
  journal={New York: Oxford University Press},
  year={1997}
}

@book{poole:2005:spatial-models,
  title={Spatial Models of Parliamentary Voting},
  author={Poole, Keith T},
  year={2005},
  publisher={Cambridge University Press}
}

@article{canes-wrone-et-al:2002:out-of-step,
  title={Out of step, out of office: Electoral accountability and House members' voting},
  author={Canes-Wrone, Brandice and Brady, David W and Cogan, John F},
  journal={American Political Science Review},
  volume={96},
  number={01},
  pages={127--140},
  year={2002},
  publisher={Cambridge Univ Press}
}

@article{hall-snyder:2015:ideology,
  title={Candidate Ideology and Electoral Success. Working Paper: \href{https://dl. dropboxusercontent.com/u/11481940/Hall Snyder Ideology.pdf}{https://dl. dropboxusercontent.com/u/11481940/Hall Snyder Ideology.pdf}},
  author={Hall, Andrew B and Snyder, James M},
  year={2015}
}

@article{bonica:2013:ideology-interests,
  title={Ideology and interests in the political marketplace},
  author={Bonica, Adam},
  journal={American Journal of Political Science},
  volume={57},
  number={2},
  pages={294--311},
  year={2013},
  publisher={Wiley Online Library}
}

@article{bonica:2014:mapping-ideology,
  title={Mapping the ideological marketplace},
  author={Bonica, Adam},
  journal={American Journal of Political Science},
  volume={58},
  number={2},
  pages={367--386},
  year={2014},
  publisher={Wiley Online Library}
}

@article{clinton:2006:constituent-representation,
  title={Representation in Congress: constituents and roll calls in the 106th House},
  author={Clinton, Joshua D},
  journal={Journal of Politics},
  volume={68},
  number={2},
  pages={397--409},
  year={2006},
  publisher={Wiley Online Library}
}

@article{broockman-skovron:2018:bias,
  title={Bias in Perceptions of Public Opinion among Political Elites},
  author={Broockman, David E and Skovron, Christopher},
  journal={American Political Science Review},
  volume={112},
  number={3},
  pages={542--563},
  year={2018},
  publisher={Cambridge University Press}
}

@book{bartels:2009:unequal-democracy,
  title={Unequal Democracy: The Political Economy of the New Gilded Age},
  author={Bartels, Larry M},
  year={2009},
  publisher={Princeton University Press}
}

@book{gilens:2012:affluence,
  title={Affluence and Influence: Economic Inequality and Political Power in America},
  author={Gilens, Martin},
  year={2012},
  publisher={Russel Sage Foundation and Princeton University Press}
}

@article{lax-phillips:2012:democratic-deficit,
  title = {The Democratic Deficit in the States},
  author = {Lax, Jeffrey R. and Phillips, Justin H.},
  journal = {American Journal of Political Science},
  volume = {56},
  number = {1},
  year = {2012},
  publisher = {Midwest Political Science Association}
}

@book{grossman-hopkins:2016:asymmetric-politics,
  title = {Asymmetric Politics: Ideological Republicans and Group Interest Democrats},
  author={Grossman, Matthew and Hopkins, David A.},
  journal={Oxford University Press},
  year={2016}
}

@article{caughey-et-al:2018:ideological-nationalization,
  title={The ideological nationalization of partisan subconstituencies in the American States},
  author={Caughey, Devin and Dunham, James and Warshaw, Christopher},
  journal={Public Choice},
  volume={176},
  number={1-2},
  pages={133--151},
  year={2018},
  publisher={Springer}
}

@article{tausanovitch-warshaw:2013:constituent-prefs,
  title={Measuring Constituent Policy Preferences in Congress, State Legislatures, and Cities},
  author={Tausanovitch, Chris and Warshaw, Christopher},
  journal={The Journal of Politics},
  volume={75},
  number={02},
  pages={330--342},
  year={2013},
  publisher={Cambridge Univ Press}
}

@article{clinton-jackman-rivers:2004:ideal,
  title={The Statistical Analysis of Roll Call Data},
  author={Clinton, Joshua and Jackman, Simon and Rivers, Douglas},
  journal={American Political Science Review},
  volume={98},
  number={02},
  pages={355--370},
  year={2004},
  publisher={Cambridge Univ Press}
}

@article{londregan:1999:ideal-pts,
  title={Estimating legislators' preferred points},
  author={Londregan, John},
  journal={Political Analysis},
  volume={8},
  number={1},
  pages={35--56},
  year={1999},
  publisher={Cambridge University Press}
}

@article{ghitza-gelman:2013:subgroup-mrp,
  title={Deep interactions with MRP: Election turnout and voting patterns among small electoral subgroups},
  author={Ghitza, Yair and Gelman, Andrew},
  journal={American Journal of Political Science},
  volume={57},
  number={3},
  pages={762--776},
  year={2013},
  publisher={Wiley Online Library}
}

# stan paper
@article{carpenter-at-al:2016:stan,
  title={Stan: A probabilistic programming language},
  author={Carpenter, Bob and Gelman, Andrew and Hoffman, Matt and Lee, Daniel and Goodrich, Ben and Betancourt, Michael and Brubaker, Michael A and Guo, Jiqiang and Li, Peter and Riddell, Allen},
  journal={Journal of Statistical Software},
  volume={20},
  pages={1--37},
  year={2016}
}

@article{neal:2012:mcmc,
  title={MCMC using Hamiltonian dynamics},
  author={Neal, Radford M},
  journal={arXiv preprint arXiv:1206.1901},
  year={2012}
}

@article{burkner:2017:brms,
  title={brms: An R package for Bayesian multilevel models using Stan},
  author={B{\"u}rkner, Paul-Christian},
  journal={Journal of Statistical Software},
  volume={80},
  number={1},
  pages={1--28},
  year={2017},
  publisher={Foundation for Open Access Statistics}
}

@article{LKJ:2009:correlation-matrices,
  title={Generating random correlation matrices based on vines and extended onion method},
  author={Lewandowski, Daniel and Kurowicka, Dorota and Joe, Harry},
  journal={Journal of multivariate analysis},
  volume={100},
  number={9},
  pages={1989--2001},
  year={2009},
  publisher={Elsevier}
}

@misc{Carpenter:2016:logsumexp,
  author = {Carpenter, Bob},
  title = {Log Sum of Exponentials for Robust Sums on the Log Scale},
  howpublished = {\url{https://statmodeling.stat.columbia.edu/2016/06/11/log-sum-of-exponentials/}},
  month = {June},
  year = {2016},
  note = {(Accessed on 11/08/2019)}
}




@article{akinc-vandebroek:2018:covariance-prior,
  title={Bayesian estimation of mixed logit models: Selecting an appropriate prior for the covariance matrix},
  author={Akinc, Deniz and Vandebroek, Martina},
  journal={Journal of choice modelling},
  volume={29},
  pages={133--151},
  year={2018},
  publisher={Elsevier}
}

@article{alvarez-niemi-simpson:2014:covariance-prior,
  title={Bayesian Inference for a Covariance Matrix},
  author={Alvarez, Ignacio and Niemi, Jarad and Simpson, Matt},
  journal={arXiv preprint arXiv:1408.4050},
  year={2014}
}

@article{barnard-mcculloch-meng:2000:covariance-separation,
  title={Modeling covariance matrices in terms of standard deviations and correlations, with application to shrinkage},
  author={Barnard, John and McCulloch, Robert and Meng, Xiao-Li},
  journal={Statistica Sinica},
  pages={1281--1311},
  year={2000},
  publisher={JSTOR}
}

@book{gelman-hill:2006:multilevel,
  title={Data analysis using regression and multilevel/hierarchical models},
  author={Gelman, Andrew and Hill, Jennifer},
  year={2006},
  publisher={Cambridge University Press}
}

@article{gabry-et-al:2019:visualization,
  title={Visualization in Bayesian workflow},
  author={Gabry, Jonah and Simpson, Daniel and Vehtari, Aki and Betancourt, Michael and Gelman, Andrew},
  journal={Journal of the Royal Statistical Society: Series A (Statistics in Society)},
  volume={182},
  number={2},
  pages={389--402},
  year={2019},
  publisher={Wiley Online Library}
}

@misc{betancourt:2018:workflow-blog,
  author = {Betancourt, Michael},
  title = {Towards A Principled Bayesian Workflow},
  howpublished = {\url{https://betanalpha.github.io/assets/case_studies/principled_bayesian_workflow.html}},
  month = {October},
  year = {2018},
  note = {Accessed on 12/17/2019}
}

@article{gelman-et-al:2017:prior-likelihood,
  title={The Prior Can Often Only Be Understood in the Context of the Likelihood},
  author={Gelman, Andrew and Simpson, Daniel and Betancourt, Michael},
  journal={Entropy},
  volume={19},
  number={10},
  pages={555},
  year={2017},
  publisher={Multidisciplinary Digital Publishing Institute}
}

@unpublished{gelman:2017:applied-statistics,
title= {Theoretical Statistics is the Theory of Applied Statistics: How to Think About What We Do},
author = {Gelman, Andrew},
year = {2017},
note= {New York R Conference},
URL= {https://statmodeling.stat.columbia.edu/2017/05/26/theoretical-statistics-theory-applied-statistics-think/},
}

@book{gelman-et-al:2013:BDA,
  title={Bayesian Data Analysis},
  author={Gelman, Andrew and Stern, Hal S and Carlin, John B and Dunson, David B and Vehtari, Aki and Rubin, Donald B},
  year={2013},
  publisher={Chapman and Hall/CRC}
}

@article{hinne-et-al:2019:bayes-quasi-experiment,
  title={Causal inference using Bayesian non-parametric quasi-experimental design},
  author={Hinne, Max and van Gerven, Marcel AJ and Ambrogioni, Luca},
  journal={arXiv preprint arXiv:1911.06722},
  year={2019}
}

@article{acharya-blackwell-sen:2016:direct-effects,
  title={Explaining Causal Findings Without Bias: Detecting and Assessing Direct Effects},
  author={Acharya, Avidit and Blackwell, Matthew and Sen, Maya},
  journal={American Political Science Review},
  volume={110},
  number={3},
  pages={512--529},
  year={2016},
  publisher={Cambridge University Press}
}

@article{lancaster:2000:incidental-params,
  title={The incidental parameter problem since 1948},
  author={Lancaster, Tony},
  journal={Journal of econometrics},
  volume={95},
  number={2},
  pages={391--413},
  year={2000},
  publisher={Elsevier}
}

@article{gelman:2004:parameterization,
  title={Parameterization and Bayesian modeling},
  author={Gelman, Andrew},
  journal={Journal of the American Statistical Association},
  volume={99},
  number={466},
  pages={537--545},
  year={2004},
  publisher={Taylor \& Francis}
}

@incollection{Hill:2013:multilevel-causal-inf,
  doi = {10.4135/9781446247600.n12},
  url = {https://doi.org/10.4135/9781446247600.n12},
  publisher = {{SAGE} Publications Ltd},
  pages = {201--220},
  author = {Jennifer Hill},
  date = {2013},
  title = {Multilevel Models and Causal Inference},
  booktitle = {The {SAGE} Handbook of Multilevel Modeling}
}


@article{rubin:1978:bayesian,
  title={Bayesian inference for Causal Effects: The Role of Randomization},
  author={Rubin, Donald B},
  journal={The Annals of statistics},
  pages={34--58},
  year={1978},
  publisher={JSTOR}
}

@book{boatright:2013:getting-primaried,
  title={Getting Primaried: The Changing Politics of Congressional Primary Challenges},
  author={Boatright, Robert G},
  year={2013},
  publisher={University of Michigan Press}
}

@article{greenland-et-al:1999:dags-epidemiology,
  title={Causal diagrams for epidemiologic research},
  author={Greenland, Sander and Pearl, Judea and Robins, James M},
  journal={Epidemiology},
  pages={37--48},
  year={1999},
  publisher={JSTOR}
}

@book{pearl:2009:causality,
  title={Causality: Models, Reasoning, and Inference},
  author={Pearl, Judea},
  year={2009},
  edition={2},
  publisher={Cambridge University Press}
}

@article{pearl:1995:causal-diagrams,
  title={Causal Diagrams for Empirical Research},
  author={Pearl, Judea},
  journal={Biometrika},
  volume={82},
  number={4},
  pages={669--688},
  year={1995},
  publisher={Oxford University Press}
}

@article{montgomery-et-al:2018:colliders,
  title={How conditioning on posttreatment variables can ruin your experiment and what to do about it},
  author={Montgomery, Jacob M and Nyhan, Brendan and Torres, Michelle},
  journal={American Journal of Political Science},
  volume={62},
  number={3},
  pages={760--775},
  year={2018},
  publisher={Wiley Online Library}
}

@article{vansteelandt:2009:direct-effects,
  title={Estimating direct effects in cohort and case--control studies},
  author={Vansteelandt, Stijn},
  journal={Epidemiology},
  pages={851--860},
  year={2009},
  publisher={JSTOR}
}

@article{robins-greenland:1994:sequential-ignorability,
  title={Adjusting for differential rates of prophylaxis therapy for PCP in high-versus low-dose AZT treatment arms in an AIDS randomized trial},
  author={Robins, James M and Greenland, Sander},
  journal={Journal of the American Statistical Association},
  volume={89},
  number={427},
  pages={737--749},
  year={1994},
  publisher={Taylor \& Francis}
}


@article{henderson:2016:text-ideology,
  title={An Experimental Approach to Measuring Ideological Positions in Political Text},
  author={Henderson, John A},
  journal={Available at SSRN 2852784},
  year={2016}
}


@misc{bonica:2019:dime,
  title={Database on ideology, Money in Politics, and Elections: public version 1.0},
  author={Bonica, Adam},
  year={2019},
  howpublished={Stanford, CA: Stanford University Libraries. \url{http://data.stanford.edu/dime}}
}

@article{mccarty-poole-rosenthal:2009:gerrymandering,
  title={Does gerrymandering cause polarization?},
  author={McCarty, Nolan and Poole, Keith T and Rosenthal, Howard},
  journal={American Journal of Political Science},
  volume={53},
  number={3},
  pages={666--680},
  year={2009},
  publisher={Wiley Online Library}
}

@article{aronow-samii:2016:regression,
  title={Does regression produce representative estimates of causal effects?},
  author={Aronow, Peter M and Samii, Cyrus},
  journal={American Journal of Political Science},
  volume={60},
  number={1},
  pages={250--267},
  year={2016},
  publisher={Wiley Online Library}
}

@article{rubin:1980:comment-randomization,
  title={Comment on Randomization Analysis of Experimental Data: The Fisher Randomization Test by D.\ Basu},
  author={Rubin, Donald B},
  journal={Journal of the American statistical association},
  volume={75},
  number={371},
  pages={591--593},
  year={1980},
  publisher={JSTOR}
}

@article{rubin:2005:potential-outcomes,
  title={Causal inference using potential outcomes: Design, modeling, decisions},
  author={Rubin, Donald B},
  journal={Journal of the American Statistical Association},
  volume={100},
  number={469},
  pages={322--331},
  year={2005},
  publisher={Taylor \& Francis}
}

@article{horiuchi-et-al:2007:experimental-design,
  title={Designing and analyzing randomized experiments: Application to a Japanese election survey experiment},
  author={Horiuchi, Yusaku and Imai, Kosuke and Taniguchi, Naoko},
  journal={American Journal of Political Science},
  volume={51},
  number={3},
  pages={669--687},
  year={2007},
  publisher={Wiley Online Library}
}

@article{baldi-shahbaba:2019:bayesian-causality,
  title={Bayesian Causality},
  author={Baldi, Pierre and Shahbaba, Babak},
  journal={The American Statistician},
  pages={1--9},
  year={2019},
  publisher={Taylor \& Francis}
}

@article{hill:2011:bart,
  title={Bayesian nonparametric modeling for causal inference},
  author={Hill, Jennifer L},
  journal={Journal of Computational and Graphical Statistics},
  volume={20},
  number={1},
  pages={217--240},
  year={2011},
  publisher={Taylor \& Francis}
}

@article{garcia-perez:2019:bayes-data-falsification,
  title={Bayesian Estimation with Informative Priors is Indistinguishable from Data Falsification},
  author={Garc{\'\i}a-P{\'e}rez, Miguel {\'A}ngel},
  journal={The Spanish journal of psychology},
  volume={22},
  year={2019},
  publisher={Cambridge University Press}
}

@article{rubin:1974:potential-outcomes,
  title={Estimating Causal Effects of Treatments in Randomized and Nonrandomized Studies.},
  author={Rubin, Donald B},
  journal={Journal of Educational Psychology},
  volume={66},
  number={5},
  pages={688},
  year={1974},
  publisher={American Psychological Association}
}

@article{keele:2015:causal-inf,
  title={The statistics of causal inference: A view from political methodology},
  author={Keele, Luke},
  journal={Political Analysis},
  volume={23},
  number={3},
  pages={313--335},
  year={2015},
  publisher={Cambridge University Press}
}

@article{holland:1986:causal-inf,
  title={Statistics and Causal Inference},
  author={Holland, Paul W},
  journal={Journal of the American statistical Association},
  volume={81},
  number={396},
  pages={945--960},
  year={1986},
  publisher={Taylor \& Francis}
}

@article{samii-et-al:2016:retrospective-causal-inference-ML,
  title={Retrospective Causal Inference with Machine Learning Ensembles: An Application to Anti-Recidivism Policies in Colombia},
  author={Samii, Cyrus and Paler, Laura and Daly, Sarah Zukerman},
  journal={Political Analysis},
  volume={24},
  number={4},
  pages={434--456},
  year={2016},
  publisher={Cambridge University Press}
}

@book{angrist-pischke:2008:mostly-harmless,
  title={Mostly Harmless Econometrics: An Empiricist's Companion},
  author={Angrist, Joshua D and Pischke, J{\"o}rn-Steffen},
  year={2008},
  publisher={Princeton university press}
}

@article{sekhon:2009:opiates,
  title = {Opiates for the {Matches}: {Matching} {Methods} for {Causal} {Inference}},
  volume = {12},
  issn = {1094-2939, 1545-1577},
  shorttitle = {Opiates for the {Matches}},
  url = {http://www.annualreviews.org/doi/abs/10.1146/annurev.polisci.11.060606.135444},
  doi = {10.1146/annurev.polisci.11.060606.135444},
  language = {en},
  number = {1},
  urldate = {2015-01-13},
  journal = {Annual Review of Political Science},
  author = {Sekhon, Jasjeet S.},
  month = jun,
  year = {2009},
  pages = {487--508},
  file = {Sekhon 2009.pdf:/Users/michaeldecrescenzo/Library/Application Support/Zotero/Profiles/jf2xgft9.default/zotero/storage/WZJQ8BNP/Sekhon 2009.pdf:application/pdf}
}

@article{green-kern:2012:bart,
  title={Modeling heterogeneous treatment effects in survey experiments with Bayesian additive regression trees},
  author={Green, Donald P and Kern, Holger L},
  journal={Public opinion quarterly},
  volume={76},
  number={3},
  pages={491--511},
  year={2012},
  publisher={Oxford University Press UK}
}

@book{aronow-miller:2019:agnostic-statistics,
  title={Foundations of agnostic statistics},
  author={Aronow, Peter M and Miller, Benjamin T},
  year={2019},
  publisher={Cambridge University Press}
}


@misc{mcelreath:2017:decolonized-bayes, 
author = {McElreath, Richard},
title = {Bayesian Statistics Without Frequentist Language},
howpublished = "\url{https://www.youtube.com/watch?v=yakg94HyWdE}",
year = {2017}, 
note = "Accessed Jun 18, 2020",
}

@misc{mcelreath:2020:bayes-counting, 
author = {McElreath, Richard},
title = {Bayesian Inference is Just Counting},
howpublished = "\url{https://www.youtube.com/watch?v=_NEMHM1wDfI}",
year = {2017}, 
note = "Accessed Jun 18, 2020",
}




@article{blackwell-et-al:2017:measurement-error,
  title={A unified approach to measurement error and missing data: overview and applications},
  author={Blackwell, Matthew and Honaker, James and King, Gary},
  journal={Sociological Methods \& Research},
  volume={46},
  number={3},
  pages={303--341},
  year={2017},
  publisher={SAGE Publications Sage CA: Los Angeles, CA}
}

@book{bishop:2006:pattern-rec,
  title={Pattern Recognition and Machine Learning},
  author={Bishop, Christopher M},
  year={2006},
  publisher={Springer}
}

@book{mcelreath:2020:rethinking-2,
  title={Statistical Rethinking: A Bayesian Course with Examples in R and Stan},
  author={McElreath, Richard},
  year={2020},
  edition={2},
  publisher={CRC press}
}

@article{imbens-rubin:1997:bayes-compliance,
  title={Bayesian inference for causal effects in randomized experiments with noncompliance},
  author={Imbens, Guido W and Rubin, Donald B},
  journal={The annals of statistics},
  pages={305--327},
  year={1997},
  publisher={JSTOR}
}

@article{ratkovic-tingley:2017-direct-estimation,
  title={Causal inference through the method of direct estimation},
  author={Ratkovic, Marc and Tingley, Dustin},
  journal={arXiv preprint arXiv:1703.05849},
  year={2017}
}

@article{ratkovic-tingley:2017:sparse-lasso-plus,
  title={Sparse estimation and uncertainty with application to subgroup analysis},
  author={Ratkovic, Marc and Tingley, Dustin},
  journal={Political Analysis},
  volume={25},
  number={1},
  pages={1--40},
  year={2017},
  publisher={Cambridge University Press}
}


@article{ornstein-duck-mayr:2020:GP-RDD,
  title={Gaussian Process Regression Discontinuity},
  author={Ornstein, Joseph T and Duck-Mayr, JBrandon},
  year={2020}
}

@article{carlson:2020:GP-synth,
  title={Estimating a Counter-Factual with Uncertainty Through Gaussian Process Projection},
  author={Carlson, David},
  year={2020}
}

@article{lattimore-rohde:2019:do-calc-bayes-rule,
  title={Replacing the Do-Calculus with Bayes Rule},
  author={Lattimore, Finnian and Rohde, David},
  journal={arXiv preprint arXiv:1906.07125},
  year={2019}
}

@article{meager:2019:microcredit,
  title={Understanding the Average Impact of Microcredit Expansions: A Bayesian Hierarchical Analysis of Seven Randomized Experiments},
  author={Meager, Rachael},
  journal={American Economic Journal: Applied Economics},
  volume={11},
  number={1},
  pages={57--91},
  year={2019}
}

@article{branson-at-al:2019:bayes-rdd,
  title={A Nonparametric Bayesian Methodology for Regression Discontinuity Designs},
  author={Branson, Zach and Rischard, Maxime and Bornn, Luke and Miratrix, Luke W},
  journal={Journal of Statistical Planning and Inference},
  year={2019},
  publisher={Elsevier}
}

@article{chib-jacobi:2016:bayes-rdd,
  title={Bayesian Fuzzy Regression Discontinuity Analysis and Returns To Compulsory Schooling},
  author={Chib, Siddhartha and Jacobi, Liana},
  journal={Journal of Applied Econometrics},
  volume={31},
  number={6},
  pages={1026--1047},
  year={2016},
  publisher={Wiley Online Library}
}

@article{guess-coppock:2018:backlash,
  title={Does counter-attitudinal information cause backlash? Results from three large survey experiments},
  author={Guess, Andrew and Coppock, Alexander},
  journal={British Journal of Political Science},
  pages={1--19},
  year={2018},
  publisher={Cambridge University Press}
}

@article{green-et-al:2016:lawn-signs,
  title={The effects of lawn signs on vote outcomes: Results from four randomized field experiments},
  author={Green, Donald P and Krasno, Jonathan S and Coppock, Alexander and Farrer, Benjamin D and Lenoir, Brandon and Zingher, Joshua N},
  journal={Electoral Studies},
  volume={41},
  pages={143--150},
  year={2016},
  publisher={Elsevier}
}

@article{hall:2015:extremists,
  title={What Happens When Extremists Win Primaries?},
  author={Hall, Andrew B},
  journal={American Political Science Review},
  volume={109},
  number={01},
  pages={18--42},
  year={2015},
  publisher={Cambridge Univ Press}
}

@article{gelman-king:1990:incumbency,
  title={Estimating Incumbency Advantage Without Bias},
  author={Gelman, Andrew and King, Gary},
  journal={American Journal of Political Science},
  pages={1142--1164},
  year={1990},
  publisher={JSTOR}
}

@article{calonico-et-al:2014:rdd-CIs,
  title={Robust nonparametric confidence intervals for regression-discontinuity designs},
  author={Calonico, Sebastian and Cattaneo, Matias D and Titiunik, Rocio},
  journal={Econometrica},
  volume={82},
  number={6},
  pages={2295--2326},
  year={2014},
  publisher={Wiley Online Library}
}

@article{eggers-et-al:2015:rdd-validity,
  title={On the validity of the regression discontinuity design for estimating electoral effects: New evidence from over 40,000 close races},
  author={Eggers, Andrew C and Fowler, Anthony and Hainmueller, Jens and Hall, Andrew B and Snyder, James M Jr},
  journal={American Journal of Political Science},
  volume={59},
  number={1},
  pages={259--274},
  year={2015},
  publisher={Wiley Online Library}
}

@article{skovron-titiunik:2015:practical-rdd,
  title={A Practical Guide to Regression Discontinuity Designs in Political Science},
  author={Skovron, Christopher and Titiunik, Roc{\i}o},
  journal={American Journal of Political Science},
  volume={2015},
  pages={1--36},
  year={2015}
}

@article{lee:2008:house-rdd,
  title={Randomized Experiments from Non-Random Selection in US House Elections},
  author={Lee, David S},
  journal={Journal of Econometrics},
  volume={142},
  number={2},
  pages={675--697},
  year={2008},
  publisher={Elsevier}
}

@article{rubin:1981:eight-schools,
  title={Estimation in Parallel Randomized Experiments},
  author={Rubin, Donald B},
  journal={Journal of Educational Statistics},
  volume={6},
  number={4},
  pages={377--401},
  year={1981},
  publisher={Sage Publications Sage CA: Thousand Oaks, CA}
}

@article{link-eaton:2011:thinning-mcmc,
  doi = {10.1111/j.2041-210x.2011.00131.x},
  url = {https://doi.org/10.1111/j.2041-210x.2011.00131.x},
  year  = {2011},
  month = {jun},
  publisher = {Wiley},
  volume = {3},
  number = {1},
  pages = {112--115},
  author = {William A. Link and Mitchell J. Eaton},
  title = {On thinning of chains in {MCMC}},
  journal = {Methods in Ecology and Evolution}
}


@article{converse:1964:belief-systems,
  title={The Nature of Belief Systems in Mass Publics. In Ideology and Discontent, ed. David Apter. New York: Free Press},
  author={Converse, Philip E},
  year={1964}
}

@article{ansolabehere-et-al:2008:voter-ideology,
  title={The strength of Issues: Using Multiple Measures to Gauge Preference Stability, Ideological Constraint, and Issue Voting},
  author={Ansolabehere, Stephen and Rodden, Jonathan and Snyder, James M Jr},
  journal={American Political Science Review},
  pages={215--232},
  year={2008},
  publisher={JSTOR}
}

@article{martin-quinn:2002:ideal,
  title={Dynamic ideal point estimation via Markov chain Monte Carlo for the US Supreme Court, 1953--1999},
  author={Martin, Andrew D and Quinn, Kevin M},
  journal={Political Analysis},
  volume={10},
  number={2},
  pages={134--153},
  year={2002},
  publisher={SPM-PMSAPSA}
}

@article{treier-hillygus:2009:ideology,
  title={The nature of political ideology in the contemporary electorate},
  author={Treier, Shawn and Hillygus, D Sunshine},
  journal={Public Opinion Quarterly},
  volume={73},
  number={4},
  pages={679--703},
  year={2009},
  publisher={Oxford University Press}
}

@book{stimson:1991:moods,
  title={Public opinion in America: Moods, cycles, and swings},
  author={Stimson, James A},
  year={1991},
  publisher={Westview Press}
}

@article{mcgann:2014:irt-mood,
  title={Estimating the political center from aggregate data: an item response theory alternative to the Stimson dyad ratios algorithm},
  author={McGann, Anthony J},
  journal={Political Analysis},
  pages={115--129},
  year={2014},
  publisher={JSTOR}
}

@article{enns-koch:2013:state-mood,
  title={Public Opinion in the US States: 1956 to 2010},
  author={Enns, Peter K and Koch, Julianna},
  journal={State Politics \& Policy Quarterly},
  volume={13},
  number={3},
  pages={349--372},
  year={2013},
  publisher={SAGE Publications Sage CA: Los Angeles, CA}
}

@book{fiorina-et-al:2005:culture-war,
  title={Culture War? The Myth of a Polarized America},
  author={Fiorina, Morris P and Abrams, Samuel J and Pope, Jeremy C},
  year={2005},
  publisher={Pearson Longman New York}
}


@article{grosz-et-al:2020:causal-inf-taboo,
  title={The taboo against explicit causal inference in nonexperimental psychology},
  author={Grosz, Michael P and Rohrer, Julia M and Thoemmes, Felix},
  year={2020}
}



@article{broockman:2016:policy-representation,
  title={Approaches to Studying Policy Representation},
  author={Broockman, David E},
  journal={Legislative Studies Quarterly},
  volume={41},
  number={1},
  pages={181--215},
  year={2016},
  publisher={Wiley Online Library}
}

@article{key:1955:politics-parties-groups,
  title={Politics, Parties, and Pressure Groups},
  author={Key, Valdimer Orlando},
  year={1955},
  publisher={Crowell}
}

@article{koger-et-al:2009-partisan-webs,
  title={Partisan webs: Information exchange and party networks},
  author={Koger, Gregory and Masket, Seth and Noel, Hans},
  journal={British Journal of Political Science},
  pages={633--653},
  year={2009},
  publisher={JSTOR}
}

@article{caughey-warshaw:2018:dynamic-responsiveness,
  title={Policy preferences and policy change: Dynamic responsiveness in the American states, 1936--2014},
  author={Caughey, Devin and Warshaw, Christopher},
  year={2018},
  publisher={Cambridge University Press (CUP)}
}

@article{erikson-wright:1980:policy-representation,
  title={Policy Representation Of Constituency Interests},
  author={Erikson, Robert S and Wright, Gerald C},
  journal={Political Behavior},
  volume={2},
  number={1},
  pages={91--106},
  year={1980},
  publisher={Springer}
}

@article{burke:2012:trusteeship,
  title={Speech to the Electors of Bristol at the Conclusion of the Poll. 1774},
  author={Burke, Edmund},
  journal={Acesso em},
  volume={28},
  year={2012}
}

@book{pitkin:1967:representation,
  title={The Concept of Representation},
  author={Pitkin, Hanna Fenichel},
  year={1967},
  publisher={Univ of California Press}
}

@book{phillips:1995:politics-presence,
  title={The Politics of Presence},
  author={Phillips, Anne},
  year={1995},
  publisher={Clarendon Press}
}

@book{canon:1999:racial-redistricting,
  title={Race, Redistricting, and Representation: The Unintended Consequences of Black Majority Districts},
  author={Canon, David T},
  year={1999},
  publisher={University of Chicago Press}
}

@article{miller:1963:constituency-influence,
  title={Constituency Influence in Congress},
  author={Miller, Warren E and Stokes, Donald E},
  journal={American Political Science Review},
  volume={57},
  number={01},
  pages={45--56},
  year={1963},
  publisher={Cambridge Univ Press}
}

@article{black:1948:group-decisions,
  title={On the Rationale of Group Decision-Making},
  author={Black, Duncan},
  journal={The Journal of Political Economy},
  pages={23--34},
  year={1948},
  publisher={JSTOR}
}

@book{fenno:1978:home-style,
  title={Home Style: House Members in their Districts},
  author={Fenno, Richard F},
  year={1978},
  publisher={Pearson College Division}
}

@book{McCarty-Poole-Rosenthal:2006:book,
  title = {Polarized America: The Dance of Ideology and Unequal Riches},
  author = {McCarty, Nolan and Poole, Keith T.\ and Rosenthal, Howard},
  year = {2006},
  publisher = {Cambridge, MA: MIT Press}
}

@article{canes-wrone-et-al:2011:issue-accountability,
  title={Issue Accountability and the Mass Public},
  author={Canes-Wrone, Brandice and Minozzi, William and Reveley, Jessica Bonney},
  journal={Legislative Studies Quarterly},
  volume={36},
  number={1},
  pages={5--35},
  year={2011},
  publisher={Wiley Online Library}
}

@article{aldrich:1983:downsian-parties,
  title={A Downsian Spatial Model with Party Activism},
  author={Aldrich, John H},
  journal={American Political Science Review},
  volume={77},
  number={04},
  pages={974--990},
  year={1983},
  publisher={Cambridge Univ Press}
}

@article{stokes:1963:spatial,
  title={Spatial Models of Party Competition},
  author={Stokes, Donald E},
  journal={The American Political Science Review},
  volume={57},
  number={2},
  pages={368--377},
  year={1963},
  publisher={JSTOR}
}

@article{snyder:1994:platform-differentiation,
  title={Safe seats, Marginal Seats, and Party Platforms: The Logic of Platform Differentiation},
  author={Snyder, James M Jr},
  journal={Economics \& Politics},
  volume={6},
  number={3},
  pages={201--213},
  year={1994},
  publisher={Wiley Online Library}
}

@article{lebo-et-al:2007:strategic-party-government,
  title={Strategic Party Government: Party Influence in Congress, 1789--2000},
  author={Lebo, Matthew J and McGlynn, Adam J and Koger, Gregory},
  journal={American Journal of Political Science},
  volume={51},
  number={3},
  pages={464--481},
  year={2007},
  publisher={Wiley Online Library}
}

@article{butler-powell:2014:valence-brand,
  title={Understanding the party brand: experimental evidence on the role of valence},
  author={Butler, Daniel M and Powell, Eleanor Neff},
  journal={The Journal of Politics},
  volume={76},
  number={2},
  pages={492--505},
  year={2014},
  publisher={Cambridge University Press New York, USA}
}

@book{cox-mccubbins:2005:agenda-cartel,
  title={Setting the Agenda: Responsible Party Government in the US House of Representatives},
  author={Cox, Gary W and McCubbins, Mathew D},
  year={2005},
  publisher={Cambridge University Press}
}


@article{park-gelman-bafumi:2004:mrp,
  title={Bayesian Multilevel Estimation with Poststratification: State-Level Estimates from National Polls},
  author={Park, David K and Gelman, Andrew and Bafumi, Joseph},
  journal={Political Analysis},
  volume={12},
  number={4},
  pages={375--385},
  year={2004},
  publisher={SPM-PMSAPSA}
}

@article{lax-phillips:2009:mrp,
  title={How Should we Estimate Public Opinion in the States?},
  author={Lax, Jeffrey R and Phillips, Justin H},
  journal={American Journal of Political Science},
  volume={53},
  number={1},
  pages={107--121},
  year={2009},
  publisher={Wiley Online Library}
}


@article{warshaw-rodden:2012:district-issues,
  title={How should we measure district-level public opinion on individual issues?},
  author={Warshaw, Christopher and Rodden, Jonathan},
  journal={The Journal of Politics},
  volume={74},
  number={01},
  pages={203--219},
  year={2012},
  publisher={Cambridge Univ Press}
}

@article{pacheco:2011:dynamic-mrp,
  title={Using National Surveys to Measure Dynamic US State Public Opinion: A Guideline for Scholars and an Application},
  author={Pacheco, Julianna},
  journal={State Politics \& Policy Quarterly},
  pages={1532440011419287},
  year={2011},
  publisher={Sage Publications}
}


@article{ghitza-gelman:2013:subgroup-mrp,
  title={Deep interactions with MRP: Election turnout and voting patterns among small electoral subgroups},
  author={Ghitza, Yair and Gelman, Andrew},
  journal={American Journal of Political Science},
  volume={57},
  number={3},
  pages={762--776},
  year={2013},
  publisher={Wiley Online Library}
}

@book{jackman:2009:bayesian,
  title={Bayesian analysis for the social sciences},
  author={Jackman, Simon},
  volume={846},
  year={2009},
  publisher={John Wiley \& Sons}
}

@book{gill:2014:bayesian-methods,
  title={Bayesian methods: A social and behavioral sciences approach},
  author={Gill, Jeff},
  volume={20},
  year={2014},
  publisher={CRC press}
}

@article{patil-et-al:2010:PyMC,
  title={PyMC: Bayesian stochastic modelling in Python},
  author={Patil, Anand and Huard, David and Fonnesbeck, Christopher J},
  journal={Journal of statistical software},
  volume={35},
  number={4},
  pages={1},
  year={2010},
  publisher={Europe PMC Funders}
}

@article{vehtari-et-al:2020:rhat,
  title={Rank-normalization, folding, and localization: An improved $\widehat{R}$ for assessing convergence of {MCMC}},
  author={Vehtari, Aki and Gelman, Andrew and Simpson, Daniel and Carpenter, Bob and B{\"u}rkner, Paul-Christian},
  journal={Bayesian Analysis},
  year={2020},
  publisher={International Society for Bayesian Analysis}
}

@article{vehtari-gelman-gabry:2017:loo-waic,
  title={Practical Bayesian Model Evaluation Using Leave-One-Out Cross-Validation and WAIC},
  author={Vehtari, Aki and Gelman, Andrew and Gabry, Jonah},
  journal={Statistics and computing},
  volume={27},
  number={5},
  pages={1413--1432},
  year={2017},
  publisher={Springer}
}

@article{epstein-et-al:2007:judicial-common-space,
  title={The Judicial Common Space},
  author={Epstein, Lee and Martin, Andrew D and Segal, Jeffrey A and Westerland, Chad},
  journal={Journal of Law, Economics, and Organization},
  volume={23},
  number={2},
  pages={303--325},
  year={2007},
  publisher={Oxford Univ Press}
}

@article{shor-mccarty:2011:map-state-leg,
  title={The Ideological Mapping of American Legislatures},
  author={Shor, Boris and McCarty, Nolan},
  journal={American Political Science Review},
  volume={105},
  number={03},
  pages={530--551},
  year={2011},
  publisher={Cambridge Univ Press}
}

@article{barbera:2015:twitter-scores,
  title={Birds of the same feather tweet together: Bayesian ideal point estimation using Twitter data},
  author={Barber{\'a}, Pablo},
  journal={Political analysis},
  volume={23},
  number={1},
  pages={76--91},
  year={2015},
  publisher={Cambridge University Press}
}


@article{duane-et-al:1987:hybrid-mc,
  title={Hybrid monte carlo},
  author={Duane, Simon and Kennedy, Anthony D and Pendleton, Brian J and Roweth, Duncan},
  journal={Physics letters B},
  volume={195},
  number={2},
  pages={216--222},
  year={1987},
  publisher={Elsevier}
}


@book{mayhew:1974:congress,
  title={Congress: The Electoral Connection},
  author={Mayhew, David R},
  year={1974},
  publisher={Yale University Press}
}

@article{porter-treul:2020:primary-experience,
  title={Reevaluating Experience in Congressional Primary Elections},
  author={Porter, Rachel A and Treul, Sarah},
  year={2020}
}

@article{thomsen:2014:moderate-candidates,
  title={Ideological Moderates Won’t Run: How Party Fit Matters for Partisan Polarization in Congress},
  author={Thomsen, Danielle M},
  journal={The Journal of Politics},
  volume={76},
  number={3},
  pages={786--797},
  year={2014},
  publisher={Cambridge University Press New York, USA}
}

@article{thomsen:2020:ideology-gender,
  title={Ideology and Gender in US House Elections},
  author={Thomsen, Danielle M},
  journal={Political Behavior},
  volume={42},
  number={2},
  pages={415--442},
  year={2020},
  publisher={Springer}
}

@article{ahler-citrin-lenz:2016:CA-open-primaries,
  title={Do Open Primaries Improve Representation? An Experimental Test of California's 2012 Top-Two Primary},
  author={Ahler, Douglas J and Citrin, Jack and Lenz, Gabriel S},
  journal={Legislative Studies Quarterly},
  volume={41},
  number={2},
  pages={237--268},
  year={2016},
  publisher={Wiley Online Library}
}

@article{tausanovitch-warshaw:2017:polarized-congress,
  title={Estimating candidates’ political orientation in a polarized congress},
  author={Tausanovitch, Chris and Warshaw, Christopher},
  journal={Political Analysis},
  volume={25},
  number={2},
  pages={167--187},
  year={2017},
  publisher={Cambridge University Press}
}

@article{hill-huber:2017:donorate,
  title={Representativeness and Motivations of the Contemporary Donorate: Results from Merged Survey and Administrative Records},
  author={Hill, Seth J and Huber, Gregory A},
  journal={Political Behavior},
  volume={39},
  number={1},
  pages={3--29},
  year={2017},
  publisher={Springer}
}

@article{bonica:2020:lawyers-in-congress,
  title={Why Are There So Many Lawyers in Congress?},
  author={Bonica, Adam},
  journal={Legislative Studies Quarterly},
  volume={45},
  number={2},
  pages={253--289},
  year={2020},
  publisher={Wiley Online Library}
}

@article{bonica:2019:cf-validity,
  title={Are Donation-Based Measures of Ideology Valid Predictors of Individual-Level Policy Preferences?},
  author={Bonica, Adam},
  journal={The Journal of Politics},
  volume={81},
  number={1},
  pages={327--333},
  year={2019},
  publisher={University of Chicago Press Chicago, IL}
}

@article{barber-et-al:2016:ideological-donors,
  title={Ideologically Sophisticated Donors: Which Candidates Do Individual Contributors Finance?},
  author={Barber, Michael J and Canes-Wrone, Brandice and Thrower, Sharece},
  journal={American Journal of Political Science},
  year={2016},
  publisher={Wiley Online Library}
}

@article{mcclosky-et-al:1960:conventions,
  title={Issue Conflict and Consensus Among Party Leaders and Followers},
  author={McClosky, Herbert and Hoffmann, Paul J and O'Hara, Rosemary},
  journal={The American Political Science Review},
  volume={54},
  number={2},
  pages={406--427},
  year={1960},
  publisher={JSTOR}
}

@article{layman-et-al:2010:activists-conflict-extension,
  title={Activists and Conflict Extension in American Party Politics},
  author={Layman, Geoffrey C and Carsey, Thomas M and Green, John C and Herrera, Richard and Cooperman, Rosalyn},
  journal={American Political Science Review},
  pages={324--346},
  year={2010},
  publisher={JSTOR}
}


@article{betancourt:2019:monte-carlo-methods,
  title={The convergence of Markov chain Monte Carlo methods: from the Metropolis method to Hamiltonian Monte Carlo},
  author={Betancourt, Michael},
  journal={Annalen der Physik},
  volume={531},
  number={3},
  pages={1700214},
  year={2019},
  publisher={Wiley Online Library}
}

@article{hirano-ting:2015:direct-indirect-representation,
  title={Direct and Indirect Representation},
  author={Hirano, Shigeo and Ting, Michael M},
  journal={British Journal of Political Science},
  volume={45},
  number={3},
  pages={609},
  year={2015},
  publisher={Cambridge University Press}
}

@article{cox:1990:centripetal-centrifugal,
  title={Centripetal and centrifugal incentives in electoral systems},
  author={Cox, Gary W},
  journal={American Journal of Political Science},
  pages={903--935},
  year={1990},
  publisher={JSTOR}
}

@book{hacker-pierson:2005:off-center,
  title={Off Center: The Republican Revolution and the Erosion of American Democracy},
  author={Hacker, Jacob S and Pierson, Paul},
  year={2005},
  publisher={Yale University Press}
}

@book{mann:1978:unsafe,
  title={Unsafe at any Margin: Interpreting Congressional Elections},
  author={Mann, Thomas E},
  volume={220},
  year={1978},
  publisher={Aei Pr}
}


@article{sides-et-al:2018:primary-representativeness,
  title={On the representativeness of primary electorates},
  author={Sides, John and Tausanovitch, Chris and Vavreck, Lynn and Warshaw, Christopher},
  journal={British Journal of Political Science},
  pages={1--9},
  year={2020},
  publisher={Cambridge University Press}
}

@article{jacobson:2012:polarization-origins,
  title={The Electoral Origins of Polarized Politics: Evidence from the 2010 Cooperative Congressional Election Study},
  author={Jacobson, Gary C},
  journal={American Behavioral Scientist},
  volume={56},
  number={12},
  pages={1612--1630},
  year={2012},
  publisher={Sage Publications Sage CA: Los Angeles, CA}
}


@article{bullock-clinton:2011:CA-blanket-primary,
  title={More a Molehill than a Mountain: The Effects of the Blanket Primary on Elected Officials’ Behavior from California},
  author={Bullock, Will and Clinton, Joshua D},
  journal={The Journal of Politics},
  volume={73},
  number={3},
  pages={915--930},
  year={2011},
  publisher={Cambridge University Press New York, USA}
}

@article{bishin:2000:subconstituencies,
  title={Constituency influence in Congress: Does subconstituency matter?},
  author={Bishin, Benjamin G},
  journal={Legislative Studies Quarterly},
  pages={389--415},
  year={2000},
  publisher={JSTOR}
}

@article{barber-pope:2019:party-trump-ideology,
  title={Does Party Trump Ideology? Disentangling Party and Ideology in America},
  author={Barber, Michael and Pope, Jeremy C},
  journal={American Political Science Review},
  pages={1--17},
  year={2019},
  publisher={Cambridge University Press}
}

@article{tomz-van-houweling:2008:candidate-positioning,
  title={Candidate Positioning and Voter Choice},
  author={Tomz, Michael and Van Houweling, Robert P},
  journal={American Political Science Review},
  pages={303--318},
  year={2008},
  publisher={JSTOR}
}

@article{burden:2001:polarizing-primaries,
  title={The Polarizing Effects of Congressional Primaries},
  author={Burden, Barry C},
  journal={Congressional Primaries and the Politics of Representation},
  pages={95--115},
  year={2001}
}

@article{gilens-page:2014:testing-theories,
  title={Testing Theories of American Politics: Elites, Interest Groups, and Average Citizens}, 
  author={Gilens, Martin and Page, Benjamin I.}, 
  journal={Perspectives on Politics}, 
  volume={12}, 
  number={3}, 
  year={2014}, 
  publisher={American Political Science Association}
}

@book{gerring:2001:social-sci-methodology,
  title={Social Science Methodology: A Criterial Framework},
  author={Gerring, John},
  year={2001},
  publisher={Cambridge University Press}
}

@article{hernan:2018:the-C-word,
  title={The C-Word: Scientific Euphemisms do not Improve Causal Inference from Observational Data},
  author={Hern{\'a}n, Miguel A},
  journal={American journal of public health},
  volume={108},
  number={5},
  pages={616--619},
  year={2018},
  publisher={American Public Health Association}
}

@article{hahn-et-al:2018:regularization-confounding,
  title={Regularization and Confounding in Linear Regression for Treatment Effect Estimation},
  author={Hahn, P Richard and Carvalho, Carlos M and Puelz, David and He, Jingyu},
  journal={Bayesian Analysis},
  volume={13},
  number={1},
  pages={163--182},
  year={2018},
  publisher={International Society for Bayesian Analysis}
}

@article{hahn-et-al:2020:bayesian-causal-forests,
  title={Bayesian Regression Tree Models for Causal Inference: Regularization, Confounding, and Heterogeneous Effects},
  author={Hahn, P Richard and Murray, Jared S and Carvalho, Carlos M },
  journal={Bayesian Analysis},
  year={2020},
  publisher={International Society for Bayesian Analysis}
}

@article{ratkovic:2019:rehabilitating-regression,
  title={Rehabilitating the Regression: Honest and Valid Causal Inference through Machine Learning},
  author={Ratkovic, Marc},
  year={2019}
}

@article{wager-athey:2018:honest-causal-forests,
  title={Estimation and inference of heterogeneous treatment effects using random forests},
  author={Wager, Stefan and Athey, Susan},
  journal={Journal of the American Statistical Association},
  volume={113},
  number={523},
  pages={1228--1242},
  year={2018},
  publisher={Taylor \& Francis}
}

@article{liao-et-al:2019:post-predict-time-varying,
  title={Posterior Predictive Treatment Assignment Methods for Causal Inference in the Context of Time-Varying Treatments},
  author={Liao, Shirley and Henneman, Lucas and Zigler, Corwin},
  journal={arXiv preprint arXiv:1907.06567},
  year={2019}
}

@article{liao-zigler:2020:two-stage-bayes,
  title={Uncertainty in the Design Stage of Two-stage Bayesian Propensity Score Analysis},
  author={Liao, Shirley X and Zigler, Corwin M},
  journal={Statistics in Medicine},
  year={2020},
  publisher={Wiley Online Library}
}

@article{mackay:1992:bayes-neural-net-backpropagation,
  title={A practical Bayesian framework for backpropagation networks},
  author={MacKay, David JC},
  journal={Neural computation},
  volume={4},
  number={3},
  pages={448--472},
  year={1992},
  publisher={MIT Press}
}

@article{beck-et-al:2004:neural-net,
  title={Theory and evidence in international conflict: a response to de Marchi, Gelpi, and Grynaviski},
  author={Beck, Nathaniel and King, Gary and Zeng, Langche},
  journal={American Political Science Review},
  pages={379--389},
  year={2004},
  publisher={JSTOR}
}

@book{Rosenbaum:2002:observational-studies,
  doi = {10.1007/978-1-4757-3692-2},
  url = {https://doi.org/10.1007/978-1-4757-3692-2},
  year = {2002},
  publisher = {Springer New York},
  author = {Paul R. Rosenbaum},
  title = {Observational Studies}
}

@article{oganisian-roy:2020:bayes-estimation,
  title={A Practical Introduction to Bayesian Estimation of Causal Effects: Parametric and Nonparametric Approaches},
  author={Oganisian, Arman and Roy, Jason A},
  journal={arXiv preprint arXiv:2004.07375},
  year={2020}
}

@article{bafumi-shapiro:2009:new-partisan-voter,
  title={A New Partisan Voter},
  author={Bafumi, Joseph and Shapiro, Robert Y},
  journal={The Journal of Politics},
  volume={71},
  number={01},
  pages={1--24},
  year={2009},
  publisher={Cambridge Univ Press}
}

@article{burden-et-al:2000:senator-ideals,
  title={Measuring the ideologies of US senators: The song remains the same},
  author={Burden, Barry C and Caldeira, Gregory A and Groseclose, Tim},
  journal={Legislative Studies Quarterly},
  pages={237--258},
  year={2000},
  publisher={JSTOR}
}

@article{brunell-grofman-merrill:2016:polarization-components,
  title={Components of party polarization in the US House of Representatives},
  author={Brunell, Thomas L and Grofman, Bernard and Merrill, Samuel},
  journal={Journal of Theoretical Politics},
  volume={28},
  number={4},
  pages={598--624},
  year={2016},
  publisher={SAGE Publications Sage UK: London, England}
}

@article{barber:2016:contributions-polarization,
  title={Ideological donors, contribution limits, and the polarization of American legislatures},
  author={Barber, Michael J},
  journal={The Journal of Politics},
  volume={78},
  number={1},
  pages={296--310},
  year={2016},
  publisher={University of Chicago Press Chicago, IL}
}

@book{laraja-schaffner:2015:campaign-finance-polarization,
  title={Campaign finance and political polarization: When purists prevail},
  author={La Raja, Raymond and Schaffner, Brian},
  year={2015},
  publisher={University of Michigan Press}
}

@article{brunell:2006:rethinking-redistricting,
  title={Rethinking Redistricting: How Drawing Uncompetitive Districts Eliminates Gerrymanders, Enhances Representation, and Improves Attitudes Toward Congress},
  author={Brunell, Thomas L},
  journal={PS: Political Science and Politics},
  volume={39},
  number={1},
  pages={77--85},
  year={2006},
  publisher={JSTOR}
}

@article{chipman-et-al:2010:BART,
  title={BART: Bayesian additive regression trees},
  author={Chipman, Hugh A and George, Edward I and McCulloch, Robert E},
  journal={The Annals of Applied Statistics},
  volume={4},
  number={1},
  pages={266--298},
  year={2010},
  publisher={Institute of Mathematical Statistics}
}

@article{tibshirani:1996:lasso,
  title={Regression shrinkage and selection via the lasso},
  author={Tibshirani, Robert},
  journal={Journal of the Royal Statistical Society: Series B (Methodological)},
  volume={58},
  number={1},
  pages={267--288},
  year={1996},
  publisher={Wiley Online Library}
}

@article{park-casella:2008:bayesian-lasso,
  title={The Bayesian Lasso},
  author={Park, Trevor and Casella, George},
  journal={Journal of the American Statistical Association},
  volume={103},
  number={482},
  pages={681--686},
  year={2008},
  publisher={Taylor \& Francis}
}

@article{imai-et-al:2011:black-mox-mediation,
  title={Unpacking the black box of causality: Learning about causal mechanisms from experimental and observational studies},
  author={Imai, Kosuke and Keele, Luke and Tingley, Dustin and Yamamoto, Teppei},
  journal={American Political Science Review},
  pages={765--789},
  year={2011},
  publisher={JSTOR}
}

@article{nyhan-skovron-titiunik:2017:reg-bias,
  title={Differential Registration Bias in Voter File Data: A Sensitivity Analysis Approach},
  author={Nyhan, Brendan and Skovron, Christopher and Titiunik, Roc{\'\i}o},
  journal={American Journal of Political Science},
  volume={61},
  number={3},
  pages={744--760},
  year={2017},
  publisher={Wiley Online Library}
}

@article{leavitt:2020:bayes-did,
  author = {Leavitt, Thomas},
  title = {Causal Inference in Difference-in-Differences Designs under Uncertainty in Counterfactual Trends},
  year = {2020}
}

@incollection{gerber-et-al:2004:obs-learning,
  title={The Illusion of Learning from Observational Research},
  author={Gerber, Alan S and Green, Donald P and Kaplan, Edward H},
  editor ={Shapiro, Ian and Smith, Rogers and Masoud, Tarek},
  booktitle={Problems and Methods in the Study of Politics},
  year={2004},
  pages={251–273},
  publisher={Cambridge University Press}
}

@article{rubin:1978:phenomenological-bayes,
  title={The Phenomenological Bayesian Perspective in Sample Surveys from Finite Populations: Foundations},
  author={Rubin, Donald B},
  journal={Imputation and the Editing of Faulty or Missing Survey Data},
  pages={10--18},
  year={1978}
}

@book{borenstein-et-al:2011:meta-analysis,
  title={Introduction to Meta-Analysis},
  author={Borenstein, Michael and Hedges, Larry V and Higgins, Julian PT and Rothstein, Hannah R},
  year={2011},
  publisher={John Wiley \& Sons}
}

@article{gill:1999:NHST,
  title={The insignificance of null hypothesis significance testing},
  author={Gill, Jeff},
  journal={Political research quarterly},
  volume={52},
  number={3},
  pages={647--674},
  year={1999},
  publisher={University of Utah 260 SO. Central Campus Drive, RM. 252, Salt Lake City~…}
}

@article{jackman:2000:bayes-missing-data,
  title={Estimation and Inference are Missing Data Problems: Unifying Social Science Statistics via Bayesian Simulation},
  author={Jackman, Simon},
  journal={Political Analysis},
  pages={307--332},
  year={2000},
  publisher={JSTOR}
}

@article{western-jackman:1994:comparative-bayes,
  title={Bayesian Inference for Comparative Research},
  author={Western, Bruce and Jackman, Simon},
  journal={American Political Science Review},
  pages={412--423},
  year={1994},
  publisher={JSTOR}
}

@article{abadie-et-al:2020:design-uncertainty,
  title={Sampling-Based versus Design-Based Uncertainty in Regression Analysis},
  author={Abadie, Alberto and Athey, Susan and Imbens, Guido W and Wooldridge, Jeffrey M},
  journal={Econometrica},
  volume={88},
  number={1},
  pages={265--296},
  year={2020},
  publisher={Wiley Online Library}
}

@article{blackwell-glynn:2018:causal-TSCS,
  title={How to Make Causal Inferences with Time-series Cross-sectional Data Under Selection on Observables},
  author={Blackwell, Matthew and Glynn, Adam N},
  journal={American Political Science Review},
  volume={112},
  number={4},
  pages={1067--1082},
  year={2018},
  publisher={Cambridge University Press}
}

@phdthesis{liao:2019:bayesian-causal-inference,
  title={Bayesian causal inference for estimating impacts of air pollution exposure},
  author={Liao, Shirley X},
  year={2019}
}

@article{zigler:2016:bayes-propensity,
  title={The central role of Bayes’ theorem for joint estimation of causal effects and propensity scores},
  author={Zigler, Corwin Matthew},
  journal={The American Statistician},
  volume={70},
  number={1},
  pages={47--54},
  year={2016},
  publisher={Taylor \& Francis}
}

@article{zigler-et-al:2013:feedback-propensity,
  title={Model feedback in Bayesian propensity score estimation},
  author={Zigler, Corwin M and Watts, Krista and Yeh, Robert W and Wang, Yun and Coull, Brent A and Dominici, Francesca},
  journal={Biometrics},
  volume={69},
  number={1},
  pages={263--273},
  year={2013},
  publisher={Wiley Online Library}
}

@article{zigler-dominici:2014:propensity-uncertainty,
  title={Uncertainty in propensity score estimation: Bayesian methods for variable selection and model-averaged causal effects},
  author={Zigler, Corwin Matthew and Dominici, Francesca},
  journal={Journal of the American Statistical Association},
  volume={109},
  number={505},
  pages={95--107},
  year={2014},
  publisher={Taylor \& Francis}
}

@article{mccandless-et-al:2009:bayesian-pscore,
  title={Bayesian propensity score analysis for observational data},
  author={McCandless, Lawrence C and Gustafson, Paul and Austin, Peter C},
  journal={Statistics in medicine},
  volume={28},
  number={1},
  pages={94--112},
  year={2009},
  publisher={Wiley Online Library}
}

@article{xu:2017:synthetic-control,
  title={Generalized Synthetic Control Method: Causal Inference with Interactive Fixed Effects Models},
  author={Xu, Yiqing},
  journal={Political Analysis},
  volume={25},
  number={1},
  pages={57--76},
  year={2017},
  publisher={Cambridge University Press}
}

@article{plummer:2015:bayesian-cuts,
  title={Cuts in Bayesian graphical models},
  author={Plummer, Martyn},
  journal={Statistics and Computing},
  volume={25},
  number={1},
  pages={37--43},
  year={2015},
  publisher={Springer}
}

@article{kastellec-et-al:2015:electoral-scotus-connection,
  title={Polarizing the Electoral Connection: Partisan Representation in Supreme Court Confirmation Politics},
  author={Kastellec, Jonathan P and Lax, Jeffrey R and Malecki, Michael and Phillips, Justin H},
  journal={The journal of politics},
  volume={77},
  number={3},
  pages={787--804},
  year={2015},
  publisher={University of Chicago Press Chicago, IL}
}

@article{keele-et-al:2012:RI,
  title={Strengthening the Experimenter’s Toolbox: Statistical Estimation of Internal Validity},
  author={Keele, Luke and McConnaughy, Corrine and White, Ismail},
  journal={American Journal of Political Science},
  volume={56},
  number={2},
  pages={484--499},
  year={2012},
  publisher={Wiley Online Library}
}

@article{seaman-et-al:2012:noninformative-priors,
  title={Hidden dangers of specifying noninformative priors},
  author={Seaman, John W III and Seaman, John W Jr and Stamey, James D},
  journal={The American Statistician},
  volume={66},
  number={2},
  pages={77--84},
  year={2012},
  publisher={Taylor \& Francis}
}

@article{kastellec-et-al:2015:scotus-electoral-connection,
  title={Polarizing the electoral connection: Partisan representation in Supreme Court confirmation politics},
  author={Kastellec, Jonathan P and Lax, Jeffrey R and Malecki, Michael and Phillips, Justin H},
  journal={The journal of politics},
  volume={77},
  number={3},
  pages={787--804},
  year={2015},
  publisher={University of Chicago Press Chicago, IL}
}

@article{caughey-warshaw:2019:subnational-opinion-review,
  title={Public opinion in subnational politics},
  author={Caughey, Devin and Warshaw, Christopher},
  year={2019},
  publisher={University of Chicago Press Chicago, IL},
  journal={The Journal of Politics},
  volume = {81},
  issue = {1},
  pages = {352--363}
}

@article{treier-jackman:2008:latent-democracy,
  title={Democracy as a Latent Variable},
  author={Treier, Shawn and Jackman, Simon},
  journal={American Journal of Political Science},
  volume={52},
  number={1},
  pages={201--217},
  year={2008},
  publisher={Wiley Online Library}
}

@article{stone-mailsel:2003:potential-candidate-calculus,
  title={The not-so-simple calculus of winning: Potential US house candidates' nomination and general election prospects},
  author={Stone, Walter J and Maisel, L Sandy},
  journal={The Journal of Politics},
  volume={65},
  number={4},
  pages={951--977},
  year={2003},
  publisher={Cambridge University Press New York, USA}
}

@article{maisel-stone:1997:candidate-emergence,
  title={Determinants of candidate emergence in US house elections: An exploratory study},
  author={Maisel, L Sandy and Stone, Walter J},
  journal={Legislative Studies Quarterly},
  pages={79--96},
  year={1997},
  publisher={JSTOR}
}

@article{imai-kim:2019:fixed-effects-causal-inference,
  title={When Should we Use Unit Fixed Effects Regression Models for Causal Inference with Longitudinal Data?},
  author={Imai, Kosuke and Kim, In Song},
  journal={American Journal of Political Science},
  volume={63},
  number={2},
  pages={467--490},
  year={2019},
  publisher={Wiley Online Library}
}

@article{rubin:1984:bayes-frequency,
  title={Bayesianly justifiable and relevant frequency calculations for the applies statistician},
  author={Rubin, Donald B},
  journal={The Annals of Statistics},
  pages={1151--1172},
  year={1984},
  publisher={JSTOR}
}

@article{fienberg:2006:objective-bayes-comments,
  title={Does it make sense to be an" objective Bayesian"?(comment on articles by Berger and by Goldstein)},
  author={Fienberg, Stephen E},
  journal={Bayesian Analysis},
  volume={1},
  number={3},
  pages={429--432},
  year={2006},
  publisher={International Society for Bayesian Analysis}
}

@article{berger:2006:objective-bayes,
  title={The case for objective Bayesian analysis},
  author={Berger, James},
  journal={Bayesian analysis},
  volume={1},
  number={3},
  pages={385--402},
  year={2006},
  publisher={International Society for Bayesian Analysis}
}

@book{ellis-stimson:2012:symbolic-ideology,
  title={Ideology in America},
  author={Ellis, Christopher and Stimson, James A},
  year={2012},
  publisher={Cambridge University Press}
}

@article{shor-mccarty:2011:mapping-state-legs,
  title={The Ideological Mapping of American Legislatures},
  author={Shor, Boris and McCarty, Nolan},
  journal={American Political Science Review},
  volume={105},
  number={03},
  pages={530--551},
  year={2011},
  publisher={Cambridge Univ Press}
}

@article{woodbury:1950:matrix-identity,
  title={Inverting modified matrices},
  author={Woodbury, Max A},
  journal={Memorandum report},
  volume={42},
  number={106},
  pages={336},
  year={1950}
}

@inproceedings{kucukelbir:2015:ADVI,
  title={Automatic Variational Inference in Stan},
  author={Kucukelbir, Alp and Ranganath, Rajesh and Gelman, Andrew and Blei, David},
  booktitle={Advances in Neural Information Processing Systems},
  pages={568--576},
  year={2015}
}

@article{blackwell-olson:2020:interactions,
  title = {Reducing Model Misspecification and Bias in the Estimation of Interactions},
  author = {Blackwell, Matthew and Olson, Michael},
  year = {2020}
}

@techreport{goodman-bacon:2018:DiD-timing,
  title={Difference-in-differences with variation in treatment timing},
  author={Goodman-Bacon, Andrew},
  year={2018},
  institution={National Bureau of Economic Research}
}

@inproceedings{lemm:1996:priors-generalization,
  title={Prior information and generalized questions},
  author={Lemm, J{\"o}rg C},
  booktitle={Massachusetts Institute of Technology, Artificial Intelligence Laboratory and Center for Biological and Computational Learning, Department of Brain and Cognitive Sciences},
  year={1996},
  organization={Citeseer}
}




@incollection{robins:1997:complex-longitudinal-data,
  title={Causal inference from complex longitudinal data},
  author={Robins, James M},
  booktitle={Latent variable modeling and applications to causality},
  pages={69--117},
  year={1997},
  publisher={Springer}
}


@article{doherty-et-al:2019:party-chairs,
  title={Do Local Party Chairs Think Women and Minority Candidates Can Win? Evidence from a Conjoint Experiment},
  author={Doherty, David and Dowling, Conor M and Miller, Michael G},
  journal={The Journal of Politics},
  volume={81},
  number={4},
  pages={1282--1297},
  year={2019},
  publisher={The University of Chicago Press Chicago, IL}
}

@article{chernozhukov-et-al:2017:double-ML,
  title={Double/debiased/neyman machine learning of treatment effects},
  author={Chernozhukov, Victor and Chetverikov, Denis and Demirer, Mert and Duflo, Esther and Hansen, Christian and Newey, Whitney},
  journal={American Economic Review},
  volume={107},
  number={5},
  pages={261--65},
  year={2017}
}


@article{athey-at-al:2016:residual-balancing,
  title={Approximate residual balancing: De-biased inference of average treatment effects in high dimensions},
  author={Athey, Susan and Imbens, Guido W and Wager, Stefan},
  journal={arXiv preprint arXiv:1604.07125},
  year={2016}
}

@article{freeman:1986:party-cultures,
  title={The political culture of the Democratic and Republican parties},
  author={Freeman, Jo},
  journal={Political Science Quarterly},
  volume={101},
  number={3},
  pages={327--356},
  year={1986},
  publisher={JSTOR}
}

@misc{free-cantril:1967:american-beliefs,
  title={The Political Beliefs of Americans.},
  author={Free, Lloyd A and Cantril, Hadley},
  year={1967},
  publisher={Rutgers University Press}
}

@article{feldman-zaller:1992:political-ambivalence,
  title={The political Culture of Ambivalence: Ideological Responses to the Welfare State},
  author={Feldman, Stanley and Zaller, John},
  journal={American Journal of Political Science},
  pages={268--307},
  year={1992},
  publisher={JSTOR}
}

@article{fowler:1982:interest-group-scores,
  title={How Interest Groups Select Issues for Rating Voting Records of Members of the US Congress},
  author={Fowler, Linda L},
  journal={Legislative Studies Quarterly},
  pages={401--413},
  year={1982},
  publisher={JSTOR}
}

@article{snyder:1992:interest-group-ratings,
  title={Artificial Extremism in Interest Group Ratings},
  author={Snyder Jr, James M},
  journal={Legislative Studies Quarterly},
  pages={319--345},
  year={1992},
  publisher={JSTOR}
}

@article{lelkes-sniderman:2016:ideological-asymmetry,
  title={The ideological Asymmetry of the American Party System},
  author={Lelkes, Yphtach and Sniderman, Paul M},
  journal={British Journal of Political Science},
  volume={46},
  number={4},
  pages={825--844},
  year={2016},
  publisher={Cambridge University Press}
}


@article{boatright-et-al:2020:primary-timing-data,
  title={Primary Election Timing and Voter Turnout},
  author={Boatright, Robert G and Moscardelli, Vincent G and Vickrey, Clifford D},
  journal={Election Law Journal: Rules, Politics, and Policy},
  year={2020},
  publisher={Mary Ann Liebert, Inc.}
}


@book{mayhew:1986:placing-parties,
  title={Placing parties in American politics: organization, electoral settings, and government activity in the twentieth century},
  author={Mayhew, David R},
  year={1986},
  publisher={Princeton University Press}
}

@article{grimmer:2011:VB-intro,
  title={An Introduction to Bayesian Inference via Variational Approximations},
  author={Grimmer, Justin},
  journal={Political Analysis},
  volume={19},
  number={1},
  pages={32--47},
  year={2011},
  publisher={Cambridge University Press}
}

@article{wang-titterington:2012:VB-asymptotics,
  title={Convergence and asymptotic normality of variational Bayesian approximations for exponential family models with missing values},
  author={Wang, Bo and Titterington, D},
  journal={arXiv preprint arXiv:1207.4159},
  year={2012}
}

@article{kam-trussler:2017:HTEs,
  title={At the Nexus of Observational and Experimental Research: Theory, Specification, and Analysis of Experiments with Heterogeneous Treatment Effects},
  author={Kam, Cindy D and Trussler, Marc J},
  journal={Political Behavior},
  volume={39},
  number={4},
  pages={789--815},
  year={2017},
  publisher={Springer}
}

@inproceedings{ansolabehere-et-al:2004:direct-primary-party-loyalty,
  title={What did the Direct Primary do to Party Loyalty in Congress?},
  author={Ansolabehere, Stephen and Hirano, Shigeo and Snyder, James},
  booktitle={Process, Party and Policy Making: Further New Perspectives on the History of Congress},
  year={2004},
  organization={Stanford University Press}
}


@article{culbert:2015:strategic-voting-presidential-primaries,
  title={Realizing “strategic” voting in presidential primaries},
  author={Culbert, Gar},
  journal={Rationality and Society},
  volume={27},
  number={2},
  pages={224--256},
  year={2015},
  publisher={SAGE Publications Sage UK: London, England}
}


@article{simas:2017:primary-electability,
  title={The Effects of Electability on US Primary Voters},
  author={Simas, Elizabeth N},
  journal={Journal of Elections, Public Opinion and Parties},
  volume={27},
  number={3},
  pages={274--290},
  year={2017},
  publisher={Taylor \& Francis}
}

@article{nyhuis:2016:candidate-valence,
  title={Electoral Effects of Candidate Valence},
  author={Nyhuis, Dominic},
  journal={Electoral Studies},
  volume={42},
  pages={33--41},
  year={2016},
  publisher={Elsevier}
}


@article{nyhuis:2018:separate-valences,
  title={Separating Candidate Valence and Proximity Voting: Determinants of Competitors' Non-Policy Appeal},
  author={Nyhuis, Dominic},
  journal={Political Science Research and Methods},
  volume={6},
  number={1},
  pages={135},
  year={2018},
  publisher={Cambridge University Press}
}

@article{simas:2013:house-proximity,
  title={Proximity voting in the 2010 US House elections},
  author={Simas, Elizabeth N},
  journal={Electoral Studies},
  volume={32},
  number={4},
  pages={708--717},
  year={2013},
  publisher={Elsevier}
}


@article{stone-simas:2010:candidate-valence,
  title={Candidate valence and ideological positions in US House elections},
  author={Stone, Walter J and Simas, Elizabeth N},
  journal={American Journal of Political Science},
  volume={54},
  number={2},
  pages={371--388},
  year={2010},
  publisher={Wiley Online Library}
}


@article{kujala:2020:primary-donors,
  title={Donors, Primary Elections, and Polarization in the United States},
  author={Kujala, Jordan},
  journal={American Journal of Political Science},
  volume={64},
  number={3},
  pages={587--602},
  year={2020},
  publisher={Wiley Online Library}
}


@article{nielson-visalvanick:2017:primary-elections,
  title={Primaries and Candidates: Examining the Influence of Primary Electorates on Candidate Ideology},
  author={Nielson, Lindsay and Visalvanich, Neil},
  journal={Political Science Research and Methods},
  volume={5},
  number={2},
  pages={397--408},
  year={2017},
  publisher={Cambridge University Press}
}

@article{king-et-al:2016:twitter-primary,
  title={Ideological extremity and success in primary elections: Drawing inferences from the Twitter network},
  author={King, Aaron S and Orlando, Frank J and Sparks, David B},
  journal={Social Science Computer Review},
  volume={34},
  number={4},
  pages={395--415},
  year={2016},
  publisher={SAGE Publications Sage CA: Los Angeles, CA}
}

@article{lelkes:2019:policy-over-party,
  title={Policy over party: Comparing the Effects of Candidate Ideology and Party on Affective Polarization},
  author={Lelkes, Yphtach},
  journal={Political Science Research and Methods},
  pages={1--8},
  year={2019},
  publisher={Cambridge University Press}
}


@article{mcfadden:1973:conditional-logit,
  title={Conditional logit analysis of qualitative choice behavior},
  author={McFadden, Daniel},
  year={1973},
  publisher={Institute of Urban and Regional Development, University of California~…}
}

@article{vanderweele:2009:interaction-modification,
  title={On the distinction between interaction and effect modification},
  author={VanderWeele, Tyler J},
  journal={Epidemiology},
  volume={20},
  number={6},
  pages={863--871},
  year={2009},
  publisher={LWW}
}

@article{fox-et-al:2012:random-coef-logit,
  title={The random coefficients logit model is identified},
  author={Fox, Jeremy T and il Kim, Kyoo and Ryan, Stephen P and Bajari, Patrick},
  journal={Journal of Econometrics},
  volume={166},
  number={2},
  pages={204--212},
  year={2012},
  publisher={Elsevier}
}

@article{vanderweele-robins:2007:effect-modification,
  title={Four Types of Effect Modification: a Classification Based on Directed Acyclic Graphs},
  author={VanderWeele, Tyler J and Robins, James M},
  journal={Epidemiology},
  volume={18},
  number={5},
  pages={561--568},
  year={2007},
  publisher={LWW}
}


@article{gelman-shalizi:2013:bayes-philosophy,
  title={Philosophy and the Practice of Bayesian Statistics},
  author={Gelman, Andrew and Shalizi, Cosma Rohilla},
  journal={British Journal of Mathematical and Statistical Psychology},
  volume={66},
  number={1},
  pages={8--38},
  year={2013},
  publisher={Wiley Online Library}
}

@article{aldrich-mckelvey:1977:scaling,
  title={A Method of Scaling with Applications to the 1968 and 1972 Presidential Elections},
  author={Aldrich, John H and McKelvey, Richard D},
  journal={The American Political Science Review},
  volume={71},
  number={1},
  pages={111--130},
  year={1977},
  publisher={JSTOR}
}

@article{hare-et-al:2015:bayes-aldrich-mckelvey,
  title={Using Bayesian Aldrich-McKelvey Scaling to Study Citizens' Ideological Preferences and Perceptions},
  author={Hare, Christopher and Armstrong, David A and Bakker, Ryan and Carroll, Royce and Poole, Keith T},
  journal={American Journal of Political Science},
  volume={59},
  number={3},
  pages={759--774},
  year={2015},
  publisher={Wiley Online Library}
}

@article{adolph-at-al:2003:wls-ei,
  title={A consensus on second-stage analyses in ecological inference models},
  author={Adolph, Christopher and King, Gary and Herron, Michael C and Shotts, Kenneth W},
  journal={Political Analysis},
  volume={11},
  number={1},
  pages={86--94},
  year={2003},
  publisher={JSTOR}
}

@article{enamorado-et-al:2018:record-linkage,
  title={Using a Probabilistic Model to Assist Merging of Large-Scale Administrative Records},
  author={Enamorado, Ted and Fifield, Benjamin and Imai, Kosuke},
  journal={Available at SSRN 3214172},
  year={2018}
}

@article{thomsen:2019:women-win,
  title={Which Women Win? Partisan Changes in Victory Patterns in US House Elections},
  author={Thomsen, Danielle M},
  journal={Politics, Groups, and Identities},
  volume={7},
  number={2},
  pages={412--428},
  year={2019},
  publisher={Taylor \& Francis}
}

@article{thomsen-swers:2017:women-run,
  title={Which Women Can Run? Gender, Partisanship, and Candidate Donor Networks},
  author={Thomsen, Danielle M and Swers, Michele L},
  journal={Political Research Quarterly},
  volume={70},
  number={2},
  pages={449--463},
  year={2017},
  publisher={SAGE Publications Sage CA: Los Angeles, CA}
}

@article{egami-et-al:2018:causal-inf-texts,
  title={How to make causal inferences using texts},
  author={Egami, Naoki and Fong, Christian J and Grimmer, Justin and Roberts, Margaret E and Stewart, Brandon M},
  journal={arXiv preprint arXiv:1802.02163},
  year={2018}
}


@article{clinton:2012:roll-call-testing,
  title={Using Roll Call Estimates to Test Models of Politics},
  author={Clinton, Joshua D},
  journal={Annual Review of Political Science},
  volume={15},
  pages={79--99},
  year={2012},
  publisher={Annual Reviews}
}

@inproceedings{piironen-vehtari:2017:horseshoe-hyperprior,
  title={On the hyperprior choice for the global shrinkage parameter in the horseshoe prior},
  author={Piironen, Juho and Vehtari, Aki},
  booktitle={Artificial Intelligence and Statistics},
  pages={905--913},
  year={2017},
  organization={PMLR}
}

@article{piironen-vehtari:2017:horseshoe-sparse-vs-reg,
  title={Sparsity information and regularization in the horseshoe and other shrinkage priors},
  author={Piironen, Juho and Vehtari, Aki},
  journal={Electronic Journal of Statistics},
  volume={11},
  number={2},
  pages={5018--5051},
  year={2017},
  publisher={The Institute of Mathematical Statistics and the Bernoulli Society}
}

@article{carvalho-et-al:2010:horseshoe-prior,
  title={The horseshoe estimator for sparse signals},
  author={Carvalho, Carlos M and Polson, Nicholas G and Scott, James G},
  journal={Biometrika},
  volume={97},
  number={2},
  pages={465--480},
  year={2010},
  publisher={Oxford University Press}
}

@article{adams-et-al:2004:discounting-directional-voting,
  title={Representation in congressional campaigns: Evidence for discounting/directional voting in US Senate elections},
  author={Adams, James and Bishin, Benjamin G and Dow, Jay K},
  journal={Journal of Politics},
  volume={66},
  number={2},
  pages={348--373},
  year={2004},
  publisher={Wiley Online Library}
}

@article{carmines-stimson:1986:issue-evolution,
  title={On the Structure and Sequence of Issue Evolution},
  author={Carmines, Edward G and Stimson, James A},
  journal={American Political Science Review},
  volume={80},
  number={03},
  pages={901--920},
  year={1986},
  publisher={Cambridge Univ Press}
}

@book{karol:2009:position-change,
  title={Party Position Change in American Politics: Coalition Management},
  author={Karol, David},
  year={2009},
  publisher={Cambridge University Press}
}

@book{schlozman:2015:movements-anchor,
  title={When Movements Anchor Parties: Electoral Alignments in American History},
  author={Schlozman, Daniel},
  year={2015},
  publisher={Princeton University Press}
}

@book{rubin:2017:building-bloc,
  title={Building the Bloc: Intraparty Organization in the US Congress},
  author={Rubin, Ruth Bloch},
  year={2017},
  publisher={Cambridge University Press}
}


@book{armstrong-et-al:2014-spatial-models,
  title={Analyzing Spatial Models of Choice and Judgment with R},
  author={Armstrong, David A and Bakker, Ryan and Carroll, Royce and Hare, Christopher and Poole, Keith T and Rosenthal, Howard},
  year={2014},
  publisher={CRC Press}
}

@article{rainey:2014:negligible,
  title={Arguing for a Negligible Effect},
  author={Rainey, Carlisle},
  journal={American Journal of Political Science},
  volume={58},
  number={4},
  pages={1083--1091},
  year={2014},
  publisher={Wiley Online Library}
}

@article{henry-sears:2002:symbolic-racism,
  title={The symbolic racism 2000 scale},
  author={Henry, Patrick J and Sears, David O},
  journal={Political Psychology},
  volume={23},
  number={2},
  pages={253--283},
  year={2002},
  publisher={Wiley Online Library}
}

@book{verba-nie:1972:participation,
  title={Participation in America},
  author={Verba, Sidney and Nie, Norman H},
  year={1972},
  publisher={Harper \& Row}
}

@article{simmons-kenwick:2019:border-orientation,
  title={Border Orientation in a Globalizing World: Concept and Measurement},
  author={Simmons, Beth A and Kenwick, Michael},
  journal={Available at SSRN 3326773},
  year={2019}
}

@article{reuning-et-al:2016:dynamic-latents,
  title={Exploring the dynamics of latent variable models},
  author={Reuning, Kevin and Kenwick, Michael and Fariss, Christopher J},
  journal={Available at SSRN 2828703},
  year={2016}
}

@article{voeten:2000:UN,
  title={Clashes in the Assembly},
  author={Voeten, Erik},
  journal={International organization},
  pages={185--215},
  year={2000},
  publisher={JSTOR}
}

@article{linzer-Staton:2015:judicial-independence,
  title={A global measure of judicial independence, 1948--2012},
  author={Linzer, Drew A and Staton, Jeffrey K},
  journal={Journal of Law and Courts},
  volume={3},
  number={2},
  pages={223--256},
  year={2015},
  publisher={University of Chicago Press Chicago, IL}
}


@article{decrescenzo-mayer:2019:voter-ID,
  title={Voter Identification and Nonvoting in Wisconsin—Evidence from the 2016 Election},
  author={DeCrescenzo, Michael G and Mayer, Kenneth R},
  journal={Election Law Journal: Rules, Politics, and Policy},
  volume={18},
  number={4},
  pages={342--359},
  year={2019},
  publisher={Mary Ann Liebert, Inc}
}

@article{jordan-grossman:2017:CSPP,
  title={Correlates of US State Public Policies: Announcing a New Database},
  author={Jordan, Marty P and Grossmann, Matt},
  journal={Michigan State University},
  volume={23},
  year={2017}
}

@article{buttice-hightin:2013:MRP,
  title={How Does Multilevel Regression and Poststratification Perform with Conventional National Surveys?},
  author={Buttice, Matthew K and Highton, Benjamin},
  journal={Political Analysis},
  volume={21},
  number={4},
  pages={449--467},
  year={2013},
  publisher={SPM-PMSAPSA}
}

@article{gelman-et-al:2007:red-state-qjps,
  title={Rich State, Poor State, Red State, Blue State: What’s the Matter with Connecticut?},
  author={Gelman, Andrew and Shor, Boris and Bafumi, Joseph and Park, David},
  year={2007},
  journal = {Quarterly Journal of Political Science},
  volume = {2},
  number = {4},
  pages = {345--357}
}

@article{bisbee:2019:barp,
  title={BARP: Improving Mister P Using Bayesian Additive Regression Trees},
  author={Bisbee, James},
  journal={American Political Science Review},
  volume={113},
  number={4},
  pages={1060--1065},
  year={2019},
  publisher={Cambridge University Press}
}

@inproceedings{duckmayr-et-al:2020:gpirt,
  title={GPIRT: A Gaussian Process Model for Item Response Theory},
  author={Duck-Mayr, JBrandon and Garnett, Roman and Montgomery, Jacob},
  booktitle={Conference on Uncertainty in Artificial Intelligence},
  pages={520--529},
  year={2020},
  organization={PMLR}
}


@article{woods-thissen:2006:spline-irt,
  title={Item response theory with estimation of the latent population distribution using spline-based densities},
  author={Woods, Carol M and Thissen, David},
  journal={Psychometrika},
  volume={71},
  number={2},
  pages={281},
  year={2006},
  publisher={Springer}
}

@article{lauderdale:2010:heteroskedastic-irt,
  title={Unpredictable Voters in Ideal Point Estimation},
  author={Lauderdale, Benjamin E},
  journal={Political Analysis},
  pages={151--171},
  year={2010},
  publisher={JSTOR}
}

@article{hill-tasanovitch:2015:polarization-disconnect,
  title={A disconnect in representation? Comparison of trends in congressional and public polarization},
  author={Hill, Seth J and Tausanovitch, Chris},
  journal={The Journal of Politics},
  volume={77},
  number={4},
  pages={1058--1075},
  year={2015},
  publisher={University of Chicago Press Chicago, IL}
}


@article{kastellec-et-al:2019:mrp-primer,
  title={Estimating State Public Opinion With Multi-Level
Regression and Poststratification using R},
  author={Kastellec, Jonathan P and Lax, Jeffrey R and Phillips, Justin H},
  journal={Unpublished manuscript, Princeton University},
  year={2010}
}

@article{bailey:2001:ranef-ideal,
  title={Ideal Point Estimation with a Small Number of Votes: A Random-Effects Approach},
  author={Bailey, Michael},
  journal={Political Analysis},
  pages={192--210},
  year={2001},
  publisher={JSTOR}
}

@article{jeffreys:1946:invariant-prior,
  title={An Invariant Form for the Prior Probability in Estimation Problems},
  author={Jeffreys, Harold},
  journal={Proceedings of the Royal Society of London. Series A. Mathematical and Physical Sciences},
  volume={186},
  number={1007},
  pages={453--461},
  year={1946},
  publisher={The Royal Society London}
}

@article{kass-wasserman:1996:formal-priors,
  title={The Selection of Prior Distributions by Formal Rules},
  author={Kass, Robert E and Wasserman, Larry},
  journal={Journal of the American statistical Association},
  volume={91},
  number={435},
  pages={1343--1370},
  year={1996},
  publisher={Taylor \& Francis}
}

@article{bernardo:1979:reference-prior,
  title={Reference Posterior Distributions for Bayesian Inference},
  author={Bernardo, Jose M},
  journal={Journal of the Royal Statistical Society: Series B (Methodological)},
  volume={41},
  number={2},
  pages={113--128},
  year={1979},
  publisher={Wiley Online Library}
}


@book{jeffreys:1998:theory-of,
  title={The Theory of Probability},
  author={Jeffreys, Harold},
  year={1998},
  publisher={OUP Oxford}
}

@misc{chernozhukov-et-al:2018:double-ML,
  title={Double/Debiased Machine Learning for Treatment and Structural Parameters},
  author={Chernozhukov, Victor and Chetverikov, Denis and Demirer, Mert and Duflo, Esther and Hansen, Christian and Newey, Whitney and Robins, James},
  year={2018},
  publisher={Oxford University Press Oxford, UK}
}

@article{simpson-et-al:2017:PC-prior,
  title={Penalising model component complexity: A principled, practical approach to constructing priors},
  author={Simpson, Daniel and Rue, H{\aa}vard and Riebler, Andrea and Martins, Thiago G and S{\o}rbye, Sigrunn H},
  journal={Statistical science},
  volume={32},
  number={1},
  pages={1--28},
  year={2017},
  publisher={Institute of Mathematical Statistics}
}

@article{devezer-et-al:2020:formal-science-reform,
  title={The case for formal methodology in scientific reform},
  author={Devezer, Berna and Navarro, Danielle J and Vandekerckhove, Joachim and Buzbas, Erkan Ozge},
  journal={bioRxiv},
  year={2020},
  publisher={Cold Spring Harbor Laboratory}
}

@article{vanderpas-et-al:2016:sparse-contraction,
  title={Conditions for Posterior Contraction in the Sparse Normal Means Problem},
  author={van der Pas, SL and Salomond, J-B and Schmidt-Hieber, Johannes},
  journal={Electronic journal of statistics},
  volume={10},
  number={1},
  pages={976--1000},
  year={2016},
  publisher={The Institute of Mathematical Statistics and the Bernoulli Society}
}

@article{gelman-yao:2020:bayes-holes,
  title={Holes in Bayesian Statistics},
  author={Gelman, Andrew and Yao, Yuling},
  journal={arXiv preprint arXiv:2002.06467},
  year={2020}
}

@book{mayo:2018:severe-testing,
  title={Statistical inference as severe testing},
  author={Mayo, Deborah G},
  year={2018},
  publisher={Cambridge: Cambridge University Press}
}

@article{mayo:2013:bayes-discussion,
  title={Discussion: Bayesian Methods: Applied? Yes. Philosophical Defense? In Flux},
  author={Mayo, Deborah G},
  journal={The American Statistician},
  volume={67},
  number={1},
  pages={11--15},
  year={2013},
  publisher={Taylor \& Francis}
}

@article{mayo:2013:error-bayes,
  title={The Error-Statistical Philosophy and the Practice of Bayesian Statistics: Comments on Gelman and Shalizi: `Philosophy and the Practice of Bayesian Statistics'},
  author={Mayo, Deborah G},
  journal={Br J Math Stat Psychol},
  volume={66},
  number={1},
  pages={57--64},
  year={2013}
}

@article{wagenmakers:2007:p-values,
  title={A Practical Solution to the Pervasive Problems of $p$ Values},
  author={Wagenmakers, Eric-Jan},
  journal={Psychonomic bulletin \& review},
  volume={14},
  number={5},
  pages={779--804},
  year={2007},
  publisher={Springer}
}

@article{navarro:2019:devil,
  title={Between the devil and the deep blue sea: Tensions between scientific judgement and statistical model selection},
  author={Navarro, Danielle J},
  journal={Computational Brain \& Behavior},
  volume={2},
  number={1},
  pages={28--34},
  year={2019},
  publisher={Springer}
}

@article{gelman-et-al:2008:weak-logit,
  title={A weakly informative default prior distribution for logistic and other regression models},
  author={Gelman, Andrew and Jakulin, Aleks and Pittau, Maria Grazia and Su, Yu-Sung},
  journal={The Annals of Applied Statistics},
  volume={2},
  number={4},
  pages={1360--1383},
  year={2008},
  publisher={Institute of Mathematical Statistics}
}

@article{hartman-hidalgo:2018:equivalence-tests,
  title={An equivalence approach to balance and placebo tests},
  author={Hartman, Erin and Hidalgo, F Daniel},
  journal={American Journal of Political Science},
  volume={62},
  number={4},
  pages={1000--1013},
  year={2018},
  publisher={Wiley Online Library}
}


@book{erikson-et-al:1993:statehouse-democracy,
  title={Statehouse Democracy: Public Opinion and Policy in the American States},
  author={Erikson, Robert S and Wright, Gerald C and McIver, John P},
  year={1993},
  publisher={Cambridge University Press}
}


@article{groseclose:2001:candidate-location,
  title={A Model of Candidate Location when One Candidate has a Valence Advantage},
  author={Groseclose, Tim},
  journal={American Journal of Political Science},
  pages={862--886},
  year={2001},
  publisher={JSTOR}
}

@article{alvarez-nagler:1998:clogit,
  title={When Politics and Models Collide: Estimating Models of Multiparty Elections},
  author={Alvarez, R Michael and Nagler, Jonathan},
  journal={American Journal of Political Science},
  pages={55--96},
  year={1998},
  publisher={JSTOR}
}


@article{caughey-wang:2019:smoothed-EI,
  title={Dynamic Ecological Inference for Time-Varying Population Distributions Based on Sparse, Irregular, and Noisy Marginal Data},
  author={Caughey, Devin and Wang, Mallory},
  journal={Political Analysis},
  volume={27},
  number={3},
  pages={388--396},
  year={2019},
  publisher={Cambridge University Press}
}

