% primaries data
@data{pettigrew-primary-data,
  author = {Pettigrew, Stephen and Owen, Karen and Wanless, Emily},
  publisher = {Harvard Dataverse},
  title = {U.S. House Primary Election Results (1956-2010)},
  year = {2016},
  doi = {10.7910/DVN/26448},
  url = {https://doi.org/10.7910/DVN/26448}
}


@article{kernell2009giving,
  title={Giving order to districts: Estimating voter distributions with national election returns},
  author={Kernell, Georgia},
  journal={Political Analysis},
  volume={17},
  number={3},
  pages={215--235},
  year={2009},
  publisher={Cambridge University Press}
}

@book{campbell1960stokes,
  title={The American Voter},
  author={Campbell, Angus and Converse, Philip E and Miller, Warren E and Stokes, Donald E},
  journal={New Yrok: John Wiley and Sons},
  pages={77},
  year={1960}
}

@book{green2002partisan,
  title={Partisan Hearts and Minds},
  author={Green, Donald and Palmquist, Bradley and Schickler, Eric},
  year={2002},
  publisher={New Haven, CT: Yale University Press}
}

@article{rahn1993stereotypes,
  title={The role of partisan stereotypes in information processing about political candidates},
  author={Rahn, Wendy M},
  journal={American Journal of Political Science},
  pages={472--496},
  year={1993},
  publisher={JSTOR}
}

@article{downs:1957:economic-theory,
  title={An Economic Theory of Democracy},
  author={Downs, Anthony},
  year={1957},
  publisher={New York: Harper and Row}
}

@book{apsa1950parties,
  title={Toward a More Responsible Two-Party System},
  author={American Political Science Association, Committee on Political Parties},
  year={1950},
  publisher={Johnson Reprint Company}
}

@article{abramowitz1998ideological,
  title={Ideological realignment in the US electorate},
  author={Abramowitz, Alan I and Saunders, Kyle L},
  journal={The Journal of Politics},
  volume={60},
  number={03},
  pages={634--652},
  year={1998},
  publisher={Cambridge Univ Press}
}

@article{layman_party_2002,
  title = {Party {Polarization} and "{Conflict} {Extension}" in the {American} {Electorate}},
  volume = {46},
  issn = {00925853},
  url = {http://www.jstor.org/stable/3088434?origin=crossref},
  doi = {10.2307/3088434},
  number = {4},
  urldate = {2015-02-22},
  journal = {American Journal of Political Science},
  author = {Layman, Geoffrey C. and Carsey, Thomas M.},
  month = oct,
  year = {2002},
  pages = {786},
  file = {Layman Carsey 2002.pdf:/Users/michaeldecrescenzo/Library/Application Support/Zotero/Profiles/jf2xgft9.default/zotero/storage/PJ54CKRB/Layman Carsey 2002.pdf:application/pdf}
}

@book{fiorina2005culture,
  title={Culture War? The Myth of a Polarized America},
  author={Fiorina, Morris P and Abrams, Samuel J and Pope, Jeremy C},
  year={2005},
  publisher={Pearson Longman New York}
}

@book{levendusky2009partisan,
  title={The partisan sort: How liberals became Democrats and conservatives became Republicans},
  author={Levendusky, Matthew},
  year={2009},
  publisher={University of Chicago Press}
}

@article{bartels2000partisanship,
  title={Partisanship and Voting Behavior, 1952-1996},
  author={Bartels, Larry M},
  journal={American Journal of Political Science},
  pages={35--50},
  year={2000},
  publisher={JSTOR}
}

@article{petrocik_measuring_2009,
  title = {Measuring Party Support: {Leaners} are not Independents},
  volume = {28},
  issn = {02613794},
  shorttitle = {Measuring party support},
  url = {http://linkinghub.elsevier.com/retrieve/pii/S0261379409000511},
  doi = {10.1016/j.electstud.2009.05.022},
  language = {en},
  number = {4},
  urldate = {2015-04-16},
  journal = {Electoral Studies},
  author = {Petrocik, John Richard},
  month = dec,
  year = {2009},
  pages = {562--572},
  file = {petrocik on leaners.pdf:/Users/michaeldecrescenzo/Library/Application Support/Zotero/Profiles/jf2xgft9.default/zotero/storage/Z5CPFW45/petrocik on leaners.pdf:application/pdf}
}

@article{hall-thompson:2018:who-punishes,
  title={Who Punishes Extremist Nominees? Candidate Ideology and Turning Out the Base in US Elections},
  author={Hall, Andrew B and Thompson, Daniel M},
  journal={American Political Science Review},
  volume={112},
  number={3},
  pages={509--524},
  year={2018},
  publisher={Cambridge University Press}
}

@article{Rogowski:2016:polarized-choices,
  doi = {10.1017/s0007123415000630},
  url = {https://doi.org/10.1017%2Fs0007123415000630},
  year  = {2016},
  month = {mar},
  publisher = {Cambridge University Press ({CUP})},
  pages = {1--22},
  author = {Jon C. Rogowski},
  title = {Voter Decision-Making with Polarized Choices},
  journal = {British Journal of Political Science}
}

@article{Key:1949:southern-politics,
  title={Southern Politics in State and Nation},
  author={Key, V.O. Jr},
  year={1949},
  publisher={University of Tennessee Press}
}

@article{geer:1988:primary-electorates,
  title={Assessing the Representativeness of Electorates in Presidential Primaries},
  author={Geer, John G},
  journal={American Journal of Political Science},
  pages={929--945},
  year={1988},
  publisher={JSTOR}
}

@article{norrander:1989:primary-voters,
  title={Ideological Representativeness of Presidential Primary Voters},
  author={Norrander, Barbara},
  journal={American Journal of Political Science},
  pages={570--587},
  year={1989},
  publisher={JSTOR}
}

@book{cohen-et-al:2009:party-decides,
  title={The party decides: Presidential nominations before and after reform},
  author={Cohen, Marty and Karol, David and Noel, Hans and Zaller, John},
  year={2009},
  publisher={University of Chicago Press}
}

@book{aldrich:2011:why-parties,
  title={Why Parties?: A Second Look},
  author={Aldrich, John H},
  year={2011},
  publisher={University of Chicago Press}
}

@article{ansolabehere-et-al:2010:direct-primary,
  title={More Democracy: The Direct Primary and Competition in US Elections},
  author={Ansolabehere, Stephen and Hansen, John Mark and Hirano, Shigeo and Snyder, James M},
  journal={Studies in American Political Development},
  volume={24},
  number={02},
  pages={190--205},
  year={2010},
  publisher={Cambridge Univ Press}
}

@article{burden:2004:candidate-positioning,
  title={Candidate Positioning in U.S.\ Congressional Elections},
  author={Burden, Barry C},
  journal={British Journal of Political Science},
  volume={34},
  number={02},
  pages={211--227},
  year={2004},
  publisher={Cambridge Univ Press}
}

@article{brady-han-pope:2007:out-of-step,
  title={Primary elections and candidate ideology: Out of step with the primary electorate?},
  author={Brady, David W and Han, Hahrie and Pope, Jeremy C},
  journal={Legislative Studies Quarterly},
  volume={32},
  number={1},
  pages={79--105},
  year={2007},
  publisher={Wiley Online Library}
}

@article{hirano-et-al:2010:primary-polarization,
  title={Primary Elections and Party Polarization},
  author={Hirano, Shigeo and Snyder, James M. and Ansolabehere, Stephen and Hansen, John Mark},
  journal={Quarterly Journal of Political Science},
  volume={5},
  pages = {169--191},
  year={2010}
}

@article{mcghee-et-al:2014:nomination-systems,
  title={A primary cause of partisanship? Nomination systems and legislator ideology},
  author={McGhee, Eric and Masket, Seth and Shor, Boris and Rogers, Steven and McCarty, Nolan},
  journal={American Journal of Political Science},
  volume={58},
  number={2},
  pages={337--351},
  year={2014},
  publisher={Wiley Online Library}
}

@article{rogowski-langella:2015:primary-systems,
  title={Primary Systems and Candidate Ideology: Evidence from Federal and State Legislative Elections},
  author={Rogowski, Jon C and Langella, Stephanie},
  journal={American Politics Research},
  volume={43},
  number={5},
  pages={846--871},
  year={2015},
  publisher={SAGE Publications Sage CA: Los Angeles, CA}
}

@article{ansolabehere-et-al:2001:candidate-positioning,
  title={Candidate Positioning in U.S.\ House Elections},
  author={Ansolabehere, Stephen and Snyder, James M and Stewart, Charles},
  journal={American Journal of Political Science},
  pages={136--159},
  year={2001},
  publisher={JSTOR}
}

@article{fowler-hall:2016:convergence,
  title={The Elusive Quest for Convergence},
  author={Fowler, Anthony and Hall, Andrew B},
  journal = {Quarterly Journal of Political Science},
  volume = {11},
  pages = {131--149},
  year={2016}
}

@article{hill:2015:nominating-institution,
  title={Institution of nomination and the policy ideology of primary electorates},
  author={Hill, Seth J},
  journal={Quarterly Journal of Political Science},
  volume={10},
  number={4},
  pages={461--487},
  year={2015},
  publisher={Now Publishers, Inc.}
}

@article{aldrich:1983:downsian-activism,
  title={A Downsian Spatial Model with Party Activism},
  author={Aldrich, John H},
  journal={American Political Science Review},
  volume={77},
  number={04},
  pages={974--990},
  year={1983},
  publisher={Cambridge Univ Press}
}


@article{betancourt:2015:hamiltonian,
  title={Hamiltonian Monte Carlo for hierarchical models},
  author={Betancourt, Michael and Girolami, Mark},
  journal={Current trends in Bayesian methodology with applications},
  volume={79},
  pages={30},
  year={2015},
  publisher={CRC Press Boca Raton, FL}
}

@article{papaspiliopoulos-et-al:2007:parameterizations,
  title={A general framework for the parametrization of hierarchical models},
  author={Papaspiliopoulos, Omiros and Roberts, Gareth O and Sk{\"o}ld, Martin},
  journal={Statistical Science},
  pages={59--73},
  year={2007},
  publisher={JSTOR}
}

@book{fox:2010:bayesian-IRT,
  title={Bayesian item response modeling: Theory and applications},
  author={Fox, Jean-Paul},
  year={2010},
  publisher={Springer Science \& Business Media}
}


@article{caughey-warshaw:2015:DGIRT,
  title={Dynamic estimation of latent opinion using a hierarchical group-level IRT model},
  author={Caughey, Devin and Warshaw, Christopher},
  journal={Political Analysis},
  volume={23},
  number={2},
  pages={197--211},
  year={2015},
  publisher={Cambridge University Press}
}